2373 3224
2138 146 2198 198 11

209 297 268 339 uti
293 293 391 336 nihil
417 289 718 333 erubescebant.
771 286 1050 327 Gladiatorum
1074 296 1359 336 servorumque
1381 285 1501 323 turba
1529 283 1671 342 stipati
1696 282 1857 321 comitia
1879 283 2087 336 forumque
2105 284 2205 322 inire

210 366 409 413 nolebant,
437 375 612 403 summas
639 358 886 411 reipublicae
912 355 1132 407 dignitates
1159 355 1364 407 legesque,
1395 368 1496 406 quae
1529 356 1604 395 sibi
1634 355 1856 408 placerent,
1895 354 1935 393 vi
1966 355 2110 406 populo
2137 368 2204 395 ex-

209 437 368 487 torturi,
408 434 714 487 competitorum
741 441 840 469 vero
870 425 1269 478 adversariorumque
1309 430 1532 466 sectatores
1570 428 1691 466 armis
1726 425 1946 478 depulsuri,
1984 425 2040 465 ita
2066 431 2117 466 'ut
2150 429 2200 467 ad

208 521 368 562 pugnae
396 504 611 547 discrimen
638 512 763 553 saepe
787 498 981 551 provecti,
1019 497 1096 537 fori
1127 497 1312 550 urbisque
1350 497 1608 536 sanctitatem
1642 498 1785 538 civium
1821 497 2020 549 sanguine
2052 497 2201 549 pollue·

205 585 308 620 rent.
364 579 481 622 Quae
507 566 628 627 quum
653 573 713 610 ita
739 574 890 619 essent,
914 569 999 608 fieri
1026 581 1107 608 uon
1135 570 1260 620 potuit
1296 569 1389 620 quin
1413 569 1582 607 Romani
1608 581 1697 608 cum
1732 570 1860 609 servis
1892 568 2201 619 gladiatoribus·

208 666 285 704 quo
320 651 560 705 pugnarent.
606 645 670 683 Ex
701 641 929 682 fortissimis
961 641 1064 681 enim
1098 640 1201 679 illius
1235 641 1427 693 temporis
1459 640 1702 691 nationibus,
1745 653 1767 679 e
1799 640 1941 692 Gallis,
1987 639 2201 681 Germanis

207 720 516 770 Thracibusque
540 715 696 768 plurimi
722 726 858 753 eorum
886 717 1001 753 erant
1026 713 1237 764 desumpti,
1268 725 1349 764 qua
1381 713 1432 751 dc
1459 725 1585 751 causa
1611 712 1896 751 internecivum
1923 713 2018 752 illud
2054 712 2202 762 odium,

209 806 288 846 quo
317 791 501 832 dominos
526 786 900 840 perhorrescebant,
929 784 1147 824 occasione
1173 785 1318 835 oblata,
1348 784 1384 823 in
1411 785 1639 831 seditiones,
1673 789 1715 824 et
1739 784 1773 823 si
1801 798 1867 823 res
1899 798 2096 837 prospere
2117 799 2205 824 ces-

208 865 346 913 sisset,
392 862 431 900 in
458 859 691 900 foedissima
716 857 824 896 bella
856 868 1067 908 erumpere
1103 857 1321 908 oportebat.
1377 855 1446 894 Sic
1480 856 1629 905 Sicilia,
1660 856 1956 909 provinciarum
1992 857 2199 904 ditissima,

209 934 458 986 gravissimis
482 930 599 970 bellis
626 928 792 977 afflicta,
829 927 1030 967 exercitus
1066 927 1305 979 reipublicae
1345 927 1546 977 trucidati,
1583 928 1833 980 Romanique
1861 928 2031 967 nominis
2070 928 2201 980 gloria

209 1009 414 1045 'servorum
444 1000 666 1041 fortitudini
694 997 878 1038 obnoxia.
930 997 1077 1050 Longe
1098 1011 1190 1038 vero
1216 998 1508 1039 atrocissimum
1534 999 1693 1038 exstitit
1719 998 1867 1038 bellum
1893 998 2139 1050 reipublicae
2177 1013 2202 1038 a

209 1075 412 1128 Spartaco
436 1069 606 1121 illatum,
642 1073 756 1119 cujus
783 1070 822 1107 in
849 1069 1085 1109 immensum
1111 1072 1213 1109 aucti
1246 1070 1471 1122 peculiares
1499 1076 1707 1122 praeterea
1734 1083 1884 1109 causae
1913 1075 2087 1110 exstant.
2139 1071 2202 1123 lp·

209 1147 294 1186 sius
322 1144 511 1196 Spartaci
538 1142 739 1194 ingenium
769 1141 806 1179 in
835 1140 884 1179 iis
912 1140 1073 1182 minime
1101 1142 1378 1193 omittendum,
1418 1145 1459 1181 et
1494 1141 1748 1193 dignissimus
1793 1142 1949 1194 quidem
1992 1143 2061 1183 illc
2097 1144 2195 1195 dux,

208 1219 258 1258 de
286 1230 363 1270 quo
387 1216 507 1267 paulo
531 1214 693 1255 uberius
722 1226 905 1264 agamus.

393 1287 491 1325 Fuit
518 1288 639 1337 igitur
657 1285 880 1336 Spartacus
903 1285 1066 1325 natione
1086 1284 1241 1336 Thrax,
1274 1299 1298 1325 e
1322 1293 1473 1336 genere
1501 1300 1651 1336 eorum,
1681 1298 1782 1337 quos
1808 1288 2003 1325 nomades
2031 1293 2193 1337 vocant,

210 1374 235 1400 a
260 1373 385 1413 parvo
410 1360 581 1410 quodam
610 1356 815 1397 Thraciae
852 1357 999 1408 oppido
1030 1357 1217 1409 originem
1258 1362 1300 1397 et
1339 1371 1480 1397 nomen
1516 1357 1695 1397 trahens.
1753 1356 1816 1397 De
1852 1357 2049 1409 prioribus
2089 1358 2198 1399 vitae

209 1435 299 1482 ejus
323 1430 438 1470 annis
466 1428 560 1467 nihil
584 1428 671 1467 fere
698 1427 749 1466 ab
778 1426 978 1468 historicis
1003 1430 1247 1481 posteritatis
1274 1430 1491 1469 memoriae
1519 1429 1721 1468 traditam.
1751 1429 1867 1473 Quod
1895 1433 2031 1468 tamen
2054 1431 2105 1469 ad
2130 1444 2197 1470 va·

209 1503 292 1543 rios
317 1501 460 1542 attinet
485 1508 624 1549 casuS,
655 1500 812 1553 quibus,
840 1506 1058 1555 antequam
1080 1514 1278 1539 servorum
1306 1500 1463 1539 exstitit
1487 1501 1581 1548 dux,
1607 1499 1684 1537 huc
1710 1504 1832 1552 atque
1856 1499 1952 1538 illuc
1979 1505 2044 1539 est
2066 1504 2197 1551 jacta-

208 1573 415 1622 tus‚·haec
440 1571 526 1612 fere
552 1571 745 1612 habemus
773 1572 924 1612 relata:
952 1572 1189 1624 Spartacum
1207 1571 1312 1611 bello
1341 1575 1498 1624 captum
1527 1571 1564 1610 in
1594 1570 1825 1611 servitutem
1849 1585 1944 1611 esse
1971 1573 2199 1620 abductum,

210 1657 328 1697 quam
357 1656 476 1694 quum
503 1642 610 1682 ferre
636 1655 714 1681 non
741 1645 955 1695 potuisset,
993 1644 1199 1694 aufugisse
1235 1647 1279 1682 et
1316 1644 1502 1682 mercede
1535 1643 1748 1692 militasse,
1793 1657 1888 1681 mox
1923 1649 2057 1682 autem
2093 1645 2198 1683 illius

210 1728 369 1769 quoque
396 1715 505 1756 vitae
531 1714 690 1766 generis
717 1718 947 1766 pertaesum
985 1716 1104 1768 sigua
1136 1714 1372 1762 deseruisse,
1403 1728 1474 1767 per
1512 1714 1671 1767 aliquod
1698 1720 1858 1766 tempus
1890 1714 2111 1755 latrociniis
2144 1718 2198 1756 vi-

210 1792 293 1827 tam
320 1787 537 1833 tolerasse,
572 1786 743 1838 denique
773 1795 872 1826 vero
911 1787 950 1826 in
985 1788 1121 1826 ludum
1153 1786 1426 1839 gladiatorium
1455 1786 1603 1825 Batiati
1643 1788 1854 1837 cujusdam
1882 1786 2075 1839 Campani
2105 1803 2198 1830 esse

210 1859 432 1910 delapsum.
486 1856 629 1896 Refert
654 1861 867 1909 praeterea
894 1858 1155 1906 Plutarchus,
1185 1871 1300 1910 quum
1332 1859 1499 1911 primum
1532 1858 1686 1898 venalis
1726 1858 1764 1896 in
1797 1856 1955 1897 Italiam
1990 1866 2102 1899 esset
2132 1863 2197 1900 de·

210 1932 370 1978 ductus,
401 1942 572 1980 anguem
597 1929 831 1968 dormientis
858 1935 981 1982 caput
1010 1931 1197 1981 cinxisse,
1232 1943 1475 1982 uxoremque
1507 1931 1596 1980 ejus
1622 1929 1826 1969 fatidicam
1859 1929 2090 1983 Bacchique
2116 1947 2198 1982 my-

212 1993 346 2040 steriis
370 2000 568 2038 initiatam
583 2001 916 2051 praenuntiasse,
952 2005 1181 2053 portentum
1216 2001 1314 2041 illud
1346 2015 1437 2041 esse
1467 2012 1640 2052 magnae
1673 1999 1941 2052 terribilisque
1976 2004 2195 2055 potentiae,

211 2072 361 2111 lactum
388 2070 428 2109 in
456 2066 604 2109 exitum
625 2060 850 2111 desiturae.
911 2072 1067 2112 Summi
1097 2086 1190 2114 vero
1216 2073 1405 2113 momenti
1429 2071 1634 2112 Plutarchi
1666 2072 1716 2110 de
1741 2085 1789 2112 eo
1817 2072 2103 2124 testimonium,
2142 2075 2199 2114 di-

214 2144 364 2185 centis:
394 2155 475 2182 non
501 2142 630 2182 solam
650 2142 778 2182 animi
807 2144 1065 2197 corporisque
1087 2145 1246 2195 viribus,
1275 2146 1348 2185 sed
1375 2146 1495 2185 etiam
1518 2144 1726 2197 prudentia
1748 2149 1788 2183 et
1814 2145 2088 2185 moderatione
2107 2161 2198 2187 eum

214 2214 450 2255 conditione
467 2227 541 2253 sua
569 2214 693 2253 multo
722 2205 940 2266 meliorem,
972 2215 1197 2269 Graecique
1220 2217 1352 2269 magis
1380 2229 1496 2269 quam
1524 2215 1692 2254 Barbari
1719 2215 1886 2253 similem
1911 2215 2049 2256 fuisse.
2094 2217 2201 2258 Con·

214 2292 280 2324 tra
309 2285 479 2324 Romani
514 2286 684 2324 nominis
717 2288 934 2337 scriptores
968 2294 1132 2338 propter
1165 2289 1323 2339 generis
1358 2289 1642 2327 obscuritatem
1680 2286 1930 2337 infimumque
1962 2287 2201 2338 gladiatoris

215 2356 480 2396 conditionem
509 2355 771 2407 ignominiose
798 2370 888 2396 eum
914 2358 1228 2411 proscindentes,
1254 2360 1306 2401 de
1338 2358 1554 2413 praeclaris
1591 2357 1733 2397 indolis
1772 2360 1892 2407 atque
1924 2357 2076 2409 ingenii
2113 2364 2199 2412 ejus

213 2427 328 2467 bonis
358 2426 543 2467 dixerunt
577 2428 686 2479 nihil,
713 2430 785 2469 sed
808 2429 911 2469 haud
936 2431 1022 2469 scio
1047 2443 1099 2470 an
1125 2430 1253 2482 magis
1280 2445 1397 2485 quam
1431 2431 1499 2469 illo
1533 2429 1690 2469 silentio
1730 2441 1819 2467 eum
1865 2429 2100 2473 collaudare
2136 2449 2201 2487 po·

214 2497 785 2549 tuerint}fortitudinis‘c'nim,
813 2497 1048 2552 prudentiae
1072 2508 1112 2541 et
1130 2503 1350 2542 modestiae
1366 2503 1525 2541 laudem
1554 2503 1589 2539 ei
1606 2503 1809 2551 denegare
1833 2513 1951 2540 nemo
1980 2516 2102 2542 ausus
2129 2512 2202 2555 est,

179 2564 186 2570 '
215 2571 394 2622 satisque
423 2569 524 2609 inter
560 2585 698 2611 omnes
738 2578 913 2624 constat,
953 2570 1229 2627 id‘proprium
1274 2588 1367 2615 esse
1406 2573 1606 2615 historicis
1635 2571 1844 2624 Romanis,
1881 2578 1925 2614 ut
1961 2575 2203 2627 reipublicae

214 2655 349 2682 amore
375 2641 595 2691 obcoecati,
621 2656 784 2686 suorum
808 2643 918 2685 facta
945 2647 1124 2686 omuibus
1152 2646 1334 2687 laudibus
1364 2647 1519 2696 efferre,
1558 2644 1733 2691 alienam
1760 2657 1855 2699 vero
1890 2641 2057 2697 gloriam
2095 2649 2205 2687 dimi-

1874 2718 1905 2755 B
1936 2719 1960 2754 2
