2373 3224
2161 149 2196 206 9

199 293 308 333 han,
335 291 371 340 ε)
426 285 682 327 Tfistissima
707 283 780 323 illa
803 281 977 333 imagine
1012 280 1143 320 animo
1177 284 1384 330 concepta,
1428 280 1517 332 quis
1553 279 1780 329 crediderit,
1820 283 2034 325 miserior-is
2073 286 2196 328 etiam

200 368 255 405 ao*
271 357 583 411 comtemptioris
599 352 858 396 conditionis
879 356 975 391 tunc
998 351 1191 403 temporis
1216 350 1396 391 homines
1422 352 1583 403 vixisse,
1612 357 1654 393 et
1681 357 1815 394 tamen
1843 355 2038 396 vixerunt.

389 431 530 472 Servis
555 429 640 471 vita
667 426 824 475 saltem,
851 423 1032 477 quamvis
1059 423 1279 463 miserrima
1304 427 1345 462 et
1368 423 1612 463 dominorum
1641 426 1867 465 crudelitati
1895 427 2081 477 obnoxia,
2106 444 2196 471 con·

199 518 333 554 cessa,
353 502 611 555 gladiatores
636 511 734 539 vero
758 496 875 537 caedi
900 497 1032 537 devoti
1061 496 1262 546 homines,-
1278 495 1428 534 nullum
1455 495 1575 535 alium
1601 497 1639 535 in
1666 498 1796 548 finem,
1833 514 1951 552 quam
1972 507 2017 540 ut
2042 510 2196 554 specta-

200 578 289 619 culo
314 572 647 624 oblectaminique
674 568 822 622 populo
847 572 998 613 essent,
1027 567 1079 606 ad
1106 571 1273 607 mortem
1302 567 1499 606 audacter
1525 571 1567 606 et
1591 566 1787 620 impavide
1812 571 2060 612 subeundam
2087 587 2112 613 a
2140 575 2195 614 la-

198 648 318 689 nistis
344 644 667 687 instituebantur.
716 640 1004 682 Saevissimam
1031 639 1140 679 illam
1172 639 1303 693 populi
1338 638 1587 690 voluptatem
1623 651 1675 678 ex
1707 641 1899 693 religione
1933 645 2106 697 quadam
2137 660 2196 685 or-

197 725 281 761 tam
308 730 417 766 esse,
445 727 561 754 nemo
590 714 731 753 nescit.
765 713 1017 763 *Antiquitus
1045 710 1150 750 enim
1178 712 1224 748 ad
1252 710 1438 761 sepulcra
1465 711 1636 749 virorum
1658 710 1834 761 fortium,
1859 728 1935 764 quo
1961 729 2101 756 manes
2130 732 2197 756 eo-

198 805 286 831 rum
313 791 570 842 pacarentur,
596 784 744 838 captivi
768 784 907 824 hostes
934 781 1104 834 necatis
1122 780 1260 822 deinde
1285 780 1434 834 captivi
1455 781 1532 832 illi,
1552 785 1596 821 ut
1616 787 1846 835 pugnantes
1869 784 2034 827 invicem
2059 802 2106 829 se
2130 802 2196 829 00-

201 862 383 903 0iderent
412 863 775 911 spectatorumque.
797 854 937 894 oculos
970 857 1097 905 morte
1133 866 1204 891 sua
1234 852 1496 903 oblectarent,
1548 853 1653 894 inter
1689 868 1736 893 se
1768 861 1862 895 sunt
1898 860 2115 909 commissi,
2153 857 2195 901 et

202 946 319 987 quum
348 945 429 972 „011
454 944 615 983 semper
635 931 800 981 praesto
828 931 967 967 essent
1005 924 1165 977 captivi,
1197 925 1227 967 ii
1248 924 1385 974 etiam,
1428 926 1493 977 qui
1523 928 1611 976 jam
1641 926 1752 978 prius
1790 928 1957 968 sceleris
1985 932 2194 980 cujusdam

203 1004 497 1056 causacapitis
527 999 706 1041 damuati
738 1001 889 1043 essent,
918 999 968 1037 ad
998 1000 1198 1038 certamen
1226 996 1335 1037 illud:
1359 996 1544 1046 adhibiti3
1585 998 1753 1051 denique
1788 1012 1885 1040 vero
1923 1002 2043 1051 servi,
2080 1004 2193 1044 nullo

201 1089 325 1129 saepe
360 1074 517 1115 scelere
552 1072 743 1121 admisso,
790 1071 841 1110 ad
871 1083 1017 1121 novum
1054 1068 1150 1109 illud
1179 1067 1357 1121 supplicii
1382 1074 1517 1120 'genus
1549 1069 1700 1109 traditi.
1773 1070 1891 1111 Illum
1923 1073 2193 1124 gladiatorum

201 1162 332 1194 usum,
358 1146 464 1186 utin
488 1145 763 1184 defunctorum
792 1141 982 1181 honorem
1009 1140 1251 1190 dimicarent,
1287 1153 1416 1192 usque
1444 1142 1494 1180 ad
1526 1146 1708 1194 tempora
1744 1148 1837 1195 post
1868 1146 2086 1185 secundum
2112 1147 2194 1187 bel·

198 1220 279 1260 lum
304 1218 497 1258 Punicum
525 1216 778 1255 observatum
811 1212 941 1252 fuisse
971 1212 1199 1261 invenimus,
1242 1216 1470 1265 testemque
1513 1212 1704 1253 habemus
1741 1213 1903 1255 Livium
1936 1216 2193 1268 referentem,

202 1294 254 1332 ad
276 1291 323 1331 P.
352 1288 501 1329 Licinii
527 1286 666 1327 Crassi
700 1284 901 1340 pontificis
927 1283 1094 1324 maximi
1118 1285 1325 1337 exsequias
1350 1284 1667 1337 splendidissime
1703 1285 1910 1326 institutas
1946 1293 2102 1328 centum
2139 1291 2193 1330 vi-

202 1362 302 1416 giuti
325 1360 592 1414 gladiatorum
623 1358 738 1410 paria
762 1363 987 1409 pugnasse.
1011 1356 1058 1407 ¹)
1107 1355 1201 1394 Mox
1232 1369 1330 1396 vero
1364 1356 1519 1396 illorum
1552 1356 1732 1396 ludorum
1769 1359 1945 1398 studium
1981 1365 2192 1413 tantopere

203 1436 475 1475 Romanorum
499 1429 847 1484 animosinvasit,
874 1433 929 1469 'ut
959 1428 999 1468 in
1027 1427 1227 1483 funeribus
1258 1432 1414 1468 tantum
1455 1442 1505 1468 ea
1539 1429 1725 1481 spectare
1760 1443 2014 1483 nequaquam
2053 1438 2193 1473 essent

203 1504 397 1554 centena,-
433 1499 984 1554 optimatesqueaenullemalio
1012 1501 1136 1540 nudo
1167 1500 1380 1551 promptius
1414 1502 1617 1553 tutiusque
1657 1502 1792 1554 populi
1828 1502 2003 1553 gratiam
2036 1504 2191 1554 inirent,

203 1591 321 1631 quam
346 1575 452 1615 ludis
479 1571 730 1625 gladiatoriis
759 1571 935 1624 edendis.
988 1571 1075 1611 Nec
1099 1584 1263 1623 unquam
1286 1571 1381 1623 lege
1404 1577 1569 1611 cautum
1586 1577 1669 1622 est,
1700 1577 1746 1611 ut
1771 1573 1900 1613 minor
1935 1574 1974 1612 in
2002 1575 2050 1614 iis
2081 1576 2193 1615 adhix

201 1649 364 1688 beretur
384 1644 604 1685 crudelitas
630 1643 950 1695 gladiatorumve
973 1655 1175 1692 numeruS,
1209 1644 1371 1695 saepius
1405 1656 1512 1691 vero,
1545 1656 1595 1682 ne
1630 1643 1786 1683 illorum
1816 1658 2022 1685 munerum
2061 1646 2192 1687 illece-

202 1720 285 1760 bris
316 1717 546 1758 nimiamzet
572 1714 821 1767 reipublicae
834 1714 967 1754 isaluti
992 1714 1274 1767 periculosam·
1295 1714 1573 1754 auctoritatem
1610 1719 1653 1754 et
1686 1715 1907 1767 potentiam
1941 1717 2191 1768 adpisoeren-

203 1791 484 1831 turveditores.
539 1787 704 1827 Nullum
729 1786 912 1839 profecto
937 1786 1157 1838 spectaculi
1181 1800 1313 1837 genus·
1333 1786 1604 1827 Romanorum
1631 1787 1760 1826 oeulis
1785 1787 1941 1839 gratius
1963 1790 2192 1830 >amoenius-

202 1858 670 1915 que-fuis-fflcioenoffis
698 1858 836 1898 'verbis
865 1858 1008 1909 liquet:
1038 1857 1496 1910 -„Equide'n.existi1no,
1533 1858 1682 1898 nullum
1716 1863 1874 1910 tempus
1907 1858 2190 1912 frequentioris

204 1947 297 1974 esse
321 1931 472 1985 populi,
498 1932 616 1983 quain
639 1929 738 1968 illud
754 1929 1060 1980 gladiatorium,
1088 1936 1162 1969 nec
1184 1929 1384 1969 concionis
1410 1930 1540 1980 ullius,
1575 1943 1703 1980 neque
1728 1943 1832 1969 vero
1865 1929 2036 1971 ullorum
2072 1934 2193 1972 eomi-

203 2005 384 2044 tiorum.‘'
410 2002 457 2053 Ξ’).
478 2002 574 2040 Ἐο·
593 2005 727 2040 autem
762 2000 937 2051 denique
966 2000 1149 2041 ludorum
1181 2000 1334 2041 illorum
1373 2002 1679 2053 spectandorum
1712 2001 1998 2054 sanguinisque
2033 2003 2191 2044 huma-i

205 2074 332 2116 oculis
362 2071 785 2125 hauriendi-provecta
808 2075 872 2110 est
907 2071 1077 2122 insania,
1119 2076 1161 2111 ut
1193 2070 1355 2124 ingenui
1390 2072 1521 2119 etiam,
1564 2072 1768 2123 pugnandi
1804 2072 2046 2125 plaususque
2082 2075 2192 2114 aufe·-

204 2144 560 2196 rendicupiditate
587 2142 936 2188 inconst-lanistis
964 2157 1015 2182 se>
1033 2146 1246 2183 venderent
1271 2145 1637 2194 descenderentque
1660 2144 1700 2182 in
1728 2157 1909 2183 arenam.r
1956 2144 2078 2184 Nulla
2103 2148 2192 2195 jam

204 2222 318 2258 aetas
344 2220 384 2254 et
410 2227 461 2254 ne
485 2214 657 2254 feminae
684 2214 840 2265 quidem
865 2212 967 2252 ludis
992 2213 1070 2252 illis
1098 2227 1143 2253 se
1164 2213 1300 2273 satiari
1327 2227 1449 2266 posse
1476 2213 1792 2265 arbitrabantur3
1818 2227 1897 2253 non
1922 2219 2089 2265 aestusf
2110 2228 2192 2256 non

206 2360 374 2412 plendae
399 2357 563 2410 saepius
590 2369 668 2396 non
699 2355 891 2396 sufficere}
906 2356 1145 2403 videbatur.=
1180 2356 1283 2402 Qu'n
1311 2357 1443 2410 optimi
1470 2361 1512 2397 et
1538 2357 1697 2409 ingenio
1722 2360 1983 2410 praestantes
2000 2358 2090 2406 vini,
2119 2359 2193 2399 vir·

207 2431 334 2471 tatum
358 2442 494 2469 amore
519 2433 560 2468 et
584 2428 770 2468 vitiorum
797 2429 889 2467 odio
924 2428 1119 2480 insignes,
1156 2430 1270 2469 ludos
1293 2429 1388 2469 illos
1426 2429 1585 2469 virtutis
1623 2429 1944 2469 corroborandae
1981 2435 2021 2469 et
2055 2430 2191 2469 mortis

397 2602 433 2641 ¹)
458 2601 576 2642 Appul.
606 2601 667 2631 lx.

395 2661 433 2704 ²)
455 2661 532 2695 Liv.
553 2661 720 2701 xxxix,
742 2661 793 2694 46.

398 2724 434 2764 ³)
459 2723 530 2756 Cic.
553 2733 611 2766 pro
636 2722 730 2755 Sext.
760 2724 811 2754 59.
