2373 3224
203 163 270 215 10

202 296 523 338 contemnendae
552 294 810 333 incitamenta
838 293 988 331 ducere
1016 292 1305 334 sustinuerunt.
1361 293 1597 335 Ciceronem
1625 296 1788 339 audias:
1824 299 2045 353 „Crudele,
2072 301 2211 355 inquit,

202 368 474 420 gladiatorum
502 365 776 418 spectaculum
805 363 1006 403 nonnullis
1032 363 1158 404 videri
1184 364 1307 415 solet,
1335 370 1378 404 et
1406 367 1512 406 haud
1550 368 1635 407 scio
1669 381 1722 407 au
1760 368 1818 407 ita
1843 370 1989 415 sits-nt
2022 387 2127 414 nunc
2151 374 2209 416 fia

204 440 338 485 Quum
361 453 460 480 vero
488 442 626 477 sontes
662 435 771 474 ferro
808 435 1107 487 depugnabant,
1142 435 1304 475 auribus
1331 436 1512 477 fortasse
1547 439 1710 489 multae,
1754 439 1881 478 oeulis
1915 443 2072 492 quidem
2105 446 2214 485 nulla

203 515 367 564 poterat
393 522 486 550 esse
513 506 657 547 fortior
684 511 829 547 contra
859 506 1039 547 dolorem
1074 511 1116 545 et
1141 510 1309 546 mortem
1338 507 1585 560 disciplina?
1615 511 1652 558 ¹)
1705 510 1991 552 Crudelitatem
2013 511 2149 565 'igitur
2171 517 2215 556 il·

202 583 332 622 lorum
352 582 533 621 ludorum
562 591 640 617 non
668 582 809 630 negat,
840 578 1075 617 necessaria
1092 581 1225 616 autem
1238 579 1275 618 ei
1294 591 1386 618 esse
1401 579 1586 620 videntur
1603 587 1767 635 prepter
1781 583 2008 622 utilitatem.
2038 591 2040 593 '
2062 584 2214 626 Eodem

206 655 300 696 loco
328 654 471 693 Cicero
502 650 779 691 fortitudinem
811 650 1010 702 animique
1041 651 1309 690 constantiam
1342 651 1610 702 gladiatorum
1647 655 1853 697 describit.
1904 656 2212 709 „Gladiatoreffi

209 726 351 776 inquit,
393 728 466 763 aut
493 722 638 776 perditi
668 721 849 761 homines
877 726 948 760 aut
976 720 1148 771 barbari,
1185 734 1286 773 quas
1319 721 1461 774 plagas
1498 723 1730 775 perferunt?
1770 739 1848 778 quo
1886 729 2005 768 modo
2038 729 2109 780 illi,
2148 729 2213 782 qui

207 799 308 838 bene
332 795 505 836 instituti
527 798 633 843 sunt,
657 794 843 844 accipere
868 794 1031 844 plagam
1046 794 1212 843 malunt,
1241 808 1358 846 quam
1384 784 1554 846 turpiter
1575 796 1727 847 vitare3
1756 809 1874 849 quam
1899 813 2023 853 saepe
2039 807 2214 853 ‘apparet

207 868 303 910 nihil
327 880 401 907 eos
429 866 562 915 malle,
587 878 704 917 quam
735 864 801 904 vel
830 865 989 904 domino
1017 864 1278 913 satisfacere;
1314 864 1377 905 vel
1411 865 1586 917 populo?
1629 867 1791 907 mittunt
1826 870 1947 908 etiam
1983 864 2213 912 vulneribus

209 938 386 980 confecti
420 939 471 977 ad
500 936 695 985 dominos,
725 936 789 987 qui
820 942 1033 989 quaerant,
1072 937 1163 988 quid
1190 937 1333 984 velint3
1373 937 1409 976 si
1442 937 1700 977 satisfactum
1729 938 1778 978 iis
1812 953 1891 978 non
1925 941 1992 988 sit,
2026 956 2072 981 se
2108 944 2212 983 vello

209 1009 472 1055 decumbere;
518 1006 607 1059 quis
631 1007 846 1045 mediocris
883 1006 1088 1057 gladiator
1117 1006 1325 1059 ingemuit,
1361 1007 1450 1060 quis
1488 1007 1641 1048 vultum
1680 1010 1850 1049 mutavit
1885 1016 2084 1063 unquam?
2124 1014 2213 1067 quis

208 1094 288 1121 non
320 1080 441 1119 modo
467 1079 596 1128 stetit,
632 1092 772 1117 verum
795 1078 920 1118 etiam
944 1079 1131 1118 decubuit
1166 1080 1357 1131 turpiter?
1397 1079 1486 1131 quis
1514 1081 1942 1139 quum‘deeubuisset,
1970 1082 2129 1122 ‘ferrum
2152 1098 2214 1125 re-

210 1153 342 1205 cipere
360 1152 519 1201 jussus,
546 1150 693 1190 collum
719 1150 986 1190 contraxit'1”

398 1221 518 1273 Quae
549 1222 584 1261 si
612 1221 785 1272 mireris,
822 1228 987 1273 reputes
1023 1227 1171 1269 tecum,
1212 1222 1476 1273 gladiatorum
1506 1221 1548 1260 iu
1581 1221 1678 1261 ludo
1710 1222 1952 1263 inclusorum
1974 1225 2109 1265 vitam
2134 1239 2214 1277 non

212 1295 345 1334 minus
369 1306 487 1344 quam
515 1298 685 1332 mortem
713 1293 1271 1345 miserationedignissimam
1297 1294 1432 1332 fuisse.
1477 1294 1610 1336 Quum
1639 1295 1741 1337 enim
1769 1296 1806 1333 iu
1834 1296 2060 1334 universum
2087 1298 2213 1336 multo

213 1366 406 1408 fortiores
431 1364 753 1417 audacioresque
778 1370 920 1405 essent
954 1378 1073 1417 quam
1112 1365 1235 1415 servi,
1278 1366 1428 1405 arctius
1466 1365 1587 1404 etiam
1623 1367 1862 1406 tenebantur
1892 1367 2046 1416 inclusi,
2083 1382 2214 1420 eoque

214 1438 415 1479 crudelius
443 1449 468 1474 a
492 1435 651 1475 lanistis
680 1436 944 1486 habebantur,
972 1438 1078 1486 quod
1104 1438 1154 1475 ad
1181 1437 1316 1488 fugam
1346 1441 1388 1475 et
1423 1437 1644 1476 seditiones
1677 1450 1838 1489 semper
1872 1438 2065 1489 protervi,
2084 1438 2216 1478 liber*-

214 1510 313 1551 tatis
342 1508 619 1559 impetrandae
652 1520 794 1557 causa,
829 1507 968 1557 vitam,
1006 1520 1111 1559 quae
1144 1520 1194 1547 ex
1223 1521 1361 1560 presso
1392 1512 1463 1547 aut
1496 1521 1618 1547 :verse
1655 1508 2105 1561 spectatomnvpollice
2135 1510 2217 1562 ple·

212 1587 383 1633 rumque‘
404 1578 620 1631 pendebat,
653 1578 695 1618 in
721 1579 937 1619 discrimen
966 1584 1118 1619 vocare
1144 1592 1341 1631 nunquam
1365 1578 1622 1630 recusabant.
1896 1588 1899 1591 '

398 1650 480 1690 llla
509 1663 719 1689 servorum
745 1650 1096 1702 gladiatorumque
1122 1651 1417 1689 tractandorum
1445 1650 1601 1690 ratione
1629 1654 1817 1702 quantum
1852 1650 1985 1689 odium
2018 1651 2057 1689 in
2092 1652 2215 1690 domi·

213 1738 290 1764 nos
315 1720 548 1768 conflatum,
585 1726 855 1774 quantumque
880 1721 972 1762 inde
996 1721 1197 1761 libertatis
1221 1726 1262 1760 et
1287 1721 1445 1761 ultionis
1467 1722 1708 1762 desiderium
1733 1721 1977 1762 excitatum!
1996 1745 2047 1751 —
2073 1722 2216 1775 Ingen-

213 1803 296 1837 tem
318 1807 457 1834 eornm
476 1793 654 1841 turbam,
683 1794 717 1832 si
744 1806 895 1844 magna
920 1795 1118 1845 quaedam
1145 1793 1287 1835 seditio
1313 1794 1550 1843 exarsisset,
1574 1794 1838 1834 vehementer
1864 1807 1957 1833 esse
1981 1794 2213 1845 timendam,

214 1869 317 1909 satis
344 1866 430 1905 sibi=
447 1877 684 1917 persuasum
712 1865 918 1904 habebant
933 1865 1120 1914 Romani,
1145 1867 1309 1917 ejusque
1335 1865 1555 1904 formidinis
1580 1864 1868 1904 censcientiam
1895 1865 2054 1904 minime
2084 1864 2212 1904 fuisse

213 1938 449 1986 oecultum„
471 1935 676 1978 varronis
701 1937 950 1976 „consiliu-21
976 1936 1128 1975 indicat
1157 1937 1351 1975 <dominos
1391 1936 1613 1985 hortantis‚³
1650 1948 1701 1974 ue
1737 1935 1883 1974 'ximios
1920 1936 2101 1984 ejusdem
2144 1949 2212 1974 na-

211 2011 335 2052 tionis
363 2022 506 2048 servos
534 2009 573 2047 iu
597 2010 741 2047 eadem
763 2008 859 2048 villa
883 2008 1160 2053 haberent‚÷id
1182 2007 1284 2046 enim
1307 2021 1446 2046 ansam
1472 2021 1566 2046 esse
1586 2006 1816 2046 seditionis.
1834 2007 1870 2056 ²)
1915 2005 2065 2045 Narrat
2092 2005 2212 2045 etiam

211 2083 388 2129 Seneca,
412 2080 455 2123 *in
488 2084 632 2118 senatu
661 2079 810 2119 dictam
840 2093 934 2130 esse
963 2078 1174 2131 aliquando
1205 2079 1453 2128 sententiam,
1490 2083 1534 2117 ut
1563 2090 1707 2117 servos
1743 2091 1771 2116 a
1804 2076 1958 2116 liberis¹
1978 2076 2111 2116 cultus
2134 2078 2212 2117 dis·

211 2155 442 2206 tingueretg
461 2152 607 2191 deinde
636 2166 729 2192 vero
755 2152 1011 2205 apparuisse,
1042 2156 1230 2203 quantum
1257 2150 1471 2203 periculum
1498 2148 1734 2196 immineret,
1767 2149 1800 2187 si
1830 2148 1937 2188 servi
1971 2148 2122 2189 liberos
2143 2162 2212 2191 nu,

212 2237 367 2266 merare
392 2223 641 2275 coepissent.
676 2222 713 2274 ³)

318 2295 483 2334 faNec
517 2300 652 2333 tamon
685 2294 751 2333 ille
786 2293 1029 2332 seditionum
1068 2294 1186 2331 timor
1221 2292 1362 2331 divites
1394 2293 1601 2331 deterrere
1634 2290 1776 2341 potuit,
1813 2290 2031 2341 quominus
2067 2304 2210 2330 servos

212 2366 541 2419 gladiatoresque
575 2366 631 2414 ad>
647 2364 842 2406 ‹ultimum
876 2363 1105 2405 ferocitatis
1132 2377 1184 2404 ac
1210 2362 1425 2405 violentiae
1452 2361 1530 2414 ipsi
1555 2361 1795 2408 incitarent,
1837 2360 1982 2399 etenim
2017 2360 2131 2412 quasi
2155 2360 2210 2402 in-

210 2437 445 2478 strumentis
473 2437 709 2488 quibusdam
735 2438 1014 2489 capessendae
1041 2439 1083 2477 et
1110 2438 1160 2476 ad
1185 2434 1390 2476 arbitrium
1416 2447 1531 2474 suum
1564 2433 1766 2485 regendae
1792 2431 2039 2484 reipublicae
2064 2433 2114 2472 iis
2144 2432 2212 2472 ab·

405 2612 439 2651 ¹)
464 2610 534 2644 Cic.
561 2612 662 2642 Tusa.
690 2618 818 2651 quaest.
844 2612 885 2649 11,
916 2612 965 2643 17.

400 2672 438 2715 2)
465 2671 574 2705 Varro
598 2671 638 2703 de
661 2681 696 2703 re
719 2677 799 2705 rust.
824 2673 850 2712 1,
878 2674 928 2706 17.

398 2735 433 2776 ³)
457 2737 588 2768 Seneca
615 2734 655 2765 de
683 2734 860 2764 elementia
880 2734 905 2772 l,
930 2732 981 2765 24.
