2373 3224
202 189 237 246 6

202 324 432 368 conditione
466 328 508 364 et
546 337 636 364 cum
662 320 810 362 ceteris
844 319 934 358 inde
965 320 1121 359 exortis
1146 320 1262 361 malis
1293 321 1578 372 cohaerebant,
1619 323 1671 363 ad
1699 336 1801 376 quae
1829 327 2069 380 explicanda
2095 342 2201 370 nuno

200 397 516 452 progrediamur.
1922 443 1926 446 ῃ

388 467 596 507 Prioribus
622 463 866 515 reipublicae
894 464 1152 514 temporibus,
1187 465 1331 515 quibus
1359 466 1495 516 optimi
1525 466 1668 506 civium
1704 480 1838 507 mores
1867 467 2121 519 simplicitate
2153 485 2201 512 ac

198 539 434 594 frugalitate
465 534 787 587 continebantur,
812 538 1006 588 tantoque
1030 534 1069 574 iu
1097 533 1248 575 honore
1273 539 1359 575 erat
1385 535 1648 589 agricultum,
1672 541 1729 589 ut,
1756 550 1872 592 quem
1899 539 2025 580 virum
2056 540 2201 584 bonum

198 613 385 653 colonum
412 610 623 654 dixissent,
644 607 891 660 amplissime
919 606 1126 646 laudatum
1155 607 1446 656 existimarent,
1470 609 1506 659 ¹)
1534 603 1675 661 paucis
1704 610 1917 650 admodum
1945 611 2074 651 servis
2107 625 2199 653 con·

198 685 298 724 tenti
321 687 436 721 erant
462 681 648 727 Romani,
674 685 716 717 et
744 679 858 729 quasi
882 680 1026 716 domus
1052 684 1204 730 partem
1235 693 1306 718 eos
1331 679 1541 727 habentes,
1577 681 1719 720 leniter
1747 695 1796 720 ac
1826 683 1997 733 benigne
2035 684 2084 722 iis
2115 691 2199 722 ute·

197 756 355 797 bantur.
405 751 540 796 Quam
574 749 890 790 moderationem
934 748 1053 789 ctiam
1091 752 1235 802 postea
1280 748 1420 789 summi
1460 749 1546 800 viri,
1591 757 1819 793 ceterorum
1853 753 2198 808 intemperantiam

195 826 430 878 neutiquam
472 823 704 876 probantes,
750 821 1008 860 sanctissime
1042 822 1321 862 observabant.
1375 821 1600 862 Memoriae
1624 823 1828 876 proditum
1868 830 1947 876 est,
1989 826 2198 876 Catonem,

197 911 319 953 quum
344 897 399 936 ad
423 895 660 948 Hispaniam
689 892 1046 933 administrandam
1070 892 1403 946 proficisceretur,
1433 893 1561 933 tribus
1588 894 1718 934 servis
1747 900 1976 936 contentum
2003 897 2144 949 fuisse,
2160 899 2198 950 ²)

196 970 447 1024 legimusque
475 968 582 1020 apud
602 967 874 1016 Athenaeum,
903 965 1132 1018 Scipionem
1148 965 1428 1010 Aemilianum,
1455 966 1534 1015 cui,
1558 965 1592 1005 si
1617 966 1828 1016 voluisset,
1850 968 1960 1008 nulla
1985 983 2069 1020 res,
2097 983 2200 1023 quae

198 1044 250 1082 ad
280 1041 388 1081 vitae
415 1039 741 1079 commoditatem
767 1036 953 1089 pertinet,
981 1037 1189 1086 defuisset,
1213 1037 1252 1076 in
1281 1038 1460 1077 omnibus
1488 1037 1697 1077 itineribus
1727 1043 1849 1092 atque
1874 1040 2200 1092 expeditionibus

199 1114 372 1167 quinque
401 1115 557 1152 tantum
582 1123 724 1151 servos
751 1112 918 1149 secutos
946 1123 1052 1150 esse.
1086 1109 1121 1160 ³)
1176 1108 1265 1153 Quo
1289 1122 1386 1150 vero
1411 1109 1551 1162 plures
1585 1122 1612 1148 a
1642 1109 1838 1150 Romanis
1874 1112 2070 1152 subactae
2105 1118 2200 1152 sunt

195 1184 396 1232 nationes,
420 1195 469 1223 eo
493 1183 623 1232 major
644 1195 723 1220 non
751 1182 872 1220 modo
903 1194 1110 1221 servorum
1136 1193 1336 1230 numerus,
1370 1182 1443 1219 sed
1472 1181 1595 1221 etiam
1622 1181 1760 1220 vilitas
1788 1195 1925 1222 eorum
1949 1183 2119 1233 exstitit,
2155 1188 2197 1223 et

194 1255 386 1309 imprimis
412 1258 506 1306 post
532 1266 701 1304 magnas
731 1253 930 1293 victorias
957 1253 1179 1292 tenuissimi
1209 1252 1325 1305 pretii
1352 1256 1481 1301 erant,
1515 1252 1573 1292 ita
1609 1256 1655 1292 ut
1689 1253 1861 1305 exempli
1894 1254 2028 1306 gratia
2059 1256 2098 1293 in
2134 1268 2200 1294 ca-

195 1328 291 1367 stris
319 1325 485 1366 Luculli
515 1324 721 1377 quaterni-s
751 1323 928 1363 denariis
958 1324 1103 1377 captivi
1132 1324 1405 1365 venderentur.
1435 1324 1472 1376 ¹⁶)

383 1411 535 1451 Servos
562 1410 765 1462 publicos,
796 1410 939 1461 partim
967 1411 1019 1449 ad
1047 1410 1349 1461 magistratuum
1376 1423 1507 1459 usum,
1537 1410 1679 1462 partim
1708 1411 1758 1448 ad
1795 1397 2002 1450 sacrorum
2028 1412 2201 1451 ministe-

194 1486 257 1526 ria
278 1483 521 1538 perficienda
537 1482 694 1535 publico
724 1495 820 1522 aere
848 1487 991 1530 emtos,
1020 1483 1261 1531 omittamus,
1281 1481 1459 1534 quamvis
1485 1495 1623 1522 eorum
1648 1495 1804 1535 quoque
1835 1483 1992 1523 turham
2020 1484 2060 1524 in
2084 1489 2199 1525 tanto

195 1562 237 1598 et
264 1562 348 1597 tam
378 1560 496 1596 vasto
527 1554 693 1608 imperio
729 1568 808 1594 non
842 1554 900 1594 ita
931 1553 1064 1595 levem
1092 1554 1229 1602 fuisse,
1258 1553 1443 1594 facillime
1466 1553 1635 1606 quisque
1666 1553 1814 1593 habeat
1847 1555 2074 1604 intellectu3
2117 1558 2200 1596 ani-

194 1642 301 1668 mum
328 1628 588 1667 admittamus
616 1628 667 1665 ad
697 1631 856 1666 ceteras
890 1640 1028 1665 eorum
1055 1627 1256 1675 cohortes,
1293 1630 1334 1664 ut
1360 1625 1468 1664 illius
1492 1625 1699 1665 servorum
1728 1627 2064 1676 coacervationis,
2096 1641 2200 1680 quae

194 1699 301 1740 intra
328 1698 615 1752 quinquaginta
640 1698 729 1738 fere
755 1702 850 1738 ante
874 1697 928 1739 T.
960 1697 1187 1739 Gracchum
1211 1710 1334 1737 annos
1357 1696 1516 1736 Italiam
1545 1696 1779 1755 inundabat,
1817 1712 1973 1750 quaque
2004 1698 2099 1738 nihil
2124 1711 2200 1740 nec

193 1771 373 1811 moribus
398 1782 474 1809 nec
503 1770 578 1822 ipsi
606 1770 850 1821 reipublicae
879 1769 1003 1808 saluti
1030 1769 1300 1821 perniciosiuS,
1339 1768 1510 1808 vividam
1537 1750 1751 1820 maginem
1780 1774 1914 1808 mente
1941 1769 2196 1822 effingamus.

195 1840 386 1895 Ingentes
415 1856 623 1882 servorum
650 1841 828 1881 familiae
852 1855 931 1880 non
962 1842 1081 1881 modo
1110 1842 1158 1880 ad
1187 1840 1347 1880 labores
1376 1838 1621 1880 domesticos
1654 1839 1936 1892 perficiendos,
1974 1843 2047 1880 sed
2077 1845 2200 1882 etiam

198 1916 251 1954 ad
275 1913 457 1953 luxuriae
484 1912 703 1952 ministeria
731 1913 1049 1953 administranda
1078 1926 1103 1952 a
1130 1912 1279 1953 civibus
1316 1900 1512 1964 opulentis
1542 1910 1764 1961 alebantur,
1802 1926 1942 1965 ecqua
1962 1912 2090 1952 minus
2126 1927 2198 1965 pro

195 1985 370 2025 utilitate
398 1998 516 2036 quam
545 1998 618 2036 pro
646 1984 940 2036 pulchritudine
965 1989 1088 2035 atque
1113 1983 1160 2021 iis
1188 1983 1353 2032 artibus,
1387 1995 1489 2034 quae
1517 1982 1763 2021 delicatioris
1790 1982 1898 2021 vitae
1933 1988 2025 2021 sunt
2057 1984 2199 2023 instru-

196 2063 346 2107 menta,
375 2056 715 2104 aestimabantur3
752 2070 829 2109 quo
856 2058 961 2097 enim
990 2056 1157 2109 quisque
1188 2054 1413 2096 libidinibus
1447 2053 1653 2107 explendis
1687 2054 1819 2106 magis
1858 2054 2112 2106 inserviebat,
2149 2069 2199 2097 eo

196 2131 331 2170 carius
357 2127 595 2178 avidiusque
623 2128 698 2166 emi
726 2129 899 2168 solebat.
956 2113 1099 2179 Itaque
1129 2140 1291 2181 coquos,
1329 2126 1676 2180 despicatissimos
1710 2130 1832 2164 antea
1870 2139 2026 2169 servos,
2056 2126 2199 2166 insana

198 2202 405 2256 epularum
440 2198 694 2249 progidentia
726 2200 963 2239 brevissimo
1006 2201 1194 2250 temporis
1232 2199 1362 2249 spatio
1396 2211 1519 2250 supra
1556 2210 1673 2249 quam
1711 2196 1773 2235 cui
1811 2197 1999 2236 credibile
2034 2202 2099 2236 est
2134 2200 2200 2238 ad·

198 2279 332 2321 aucta,
359 2269 523 2312 maximi
551 2283 645 2310 mox
671 2269 897 2324 faciebant;
926 2284 1002 2310 nec
1030 2271 1189 2311 minoris
1214 2269 1416 2310 habebant
1443 2268 1642 2318 tibicines,
1670 2266 1884 2318 cantrices,
1931 2267 2199 2309 citharistrias

199 2352 253 2393 et,
291 2336 335 2383 ut
363 2341 532 2381 Luciani
555 2341 681 2381 verbo
707 2345 808 2391 utar,
851 2342 1107 2392 μουσουργούς
1132 2356 1283 2389 omues,
1322 2341 1475 2394 quibus,
1513 2352 1562 2378 ne
1599 2343 1741 2378 venter
1774 2339 1884 2378 solus
1919 2341 1958 2378 in
2003 2339 2198 2379 conviviis

333 2581 367 2620 ¹)
394 2578 478 2610 Plin.
501 2579 626 2619 xvnl,
648 2581 677 2613 3.

330 2642 367 2682 2)
392 2640 469 2672 val.
494 2641 581 2671 Max.
608 2642 664 2680 lv,
689 2644 737 2675 11.

330 2705 365 2745 ³)
392 2703 516 2735 Athen.
543 2703 601 2741 vl,
628 2703 698 2733 105.

333 2767 368 2806 ⁴)
396 2764 483 2797 Plut.
510 2764 640 2797 Lucull.
668 2765 716 2796 13.
