2373 3224
2141 128 2175 196 7

184 279 466 325 delectaretur,
491 275 546 314 uti
573 277 861 321 assueverant3
888 272 981 325 quin
1003 271 1221 313 formosum
1248 286 1414 325 puerum
1442 274 1594 328 ingenti
1618 271 1757 313 talenti
1773 271 1898 324 pretio
1926 283 2059 312 emere
2085 282 2185 310 non·

184 349 318 390 nullos
347 360 425 387 nou
452 347 605 400 puduit,
640 347 675 397 ¹)
717 344 899 397 quamvis
923 347 1078 393 contra,
1106 347 1150 383 ut
1177 358 1300 397 supra
1325 346 1649 396 memoravimus,
1690 344 1881 396 vulgares
1905 345 2010 384 servi
2037 342 2183 383 minimi

188 424 434 459 constarent.
493 418 552 457 Ut
576 430 674 458 vero
701 417 936 455 immensum
972 427 1177 455 servorum
1211 430 1417 456 numerum
1447 417 1548 456 satis
1583 416 1912 468 comprehensum
1947 414 2181 464 habeamus,

188 489 493 531 distinctissime
521 499 659 528 eorum
686 485 919 535 ministeria,
958 484 1101 538 quibus
1128 484 1294 539 singulis
1321 486 1526 539 peculiare
1558 499 1763 526 servorum
1798 498 1928 538 genus
1965 484 2181 534 addictum,

195 568 237 601 et
262 575 365 615 quae
390 563 553 611 insuper
576 558 735 596 luxuria
759 558 799 595 in
826 558 912 596 dies
938 558 1131 608 augebat,
1159 558 1195 596 in
1219 559 1450 597 memoriam
1476 558 1592 597 nobis
1619 573 1864 597 revocemus.
1925 558 2006 598 Alii
2030 561 2185 607 praete-

182 649 254 674 rea
270 633 377 674 servi
393 633 568 677 domino,
584 630 651 669 alii
670 629 784 669 uxori
799 632 903 680 ejus,
919 630 986 669 alii
1001 629 1138 669 liberis
1154 630 1367 671 educandis
1384 630 1585 679 destinati,
1613 643 1691 682 quo
1706 630 1870 681 factum,
1888 644 2008 683 quum
2024 629 2185 670 minima

184 704 225 745 iu
253 704 303 744 iis
332 700 557 754 deligendis
586 714 683 740 cura
719 699 991 752 adhiberetur,
1027 703 1075 739 nt
1109 699 1197 740 inde
1233 713 1260 740 a
1293 701 1442 741 teneris
1471 700 1696 753 unguiculis
1728 700 1843 740 malis
1875 700 2054 740 moribus
2089 699 2181 738 arti-

183 777 340 828 busque
373 774 587 812 liberorum
622 773 739 811 animi
773 773 1004 825 plerumque
1035 772 1314 812 imbuerentur.
1363 773 1455 812 Non
1486 774 1614 812 minor
1648 786 1855 813 servorum
1889 785 2077 810 numerus
2115 781 2182 811 cu'·

181 845 315 898 jusvis
340 845 500 898 generis
530 843 688 896 opificia
714 844 753 884 in
781 847 991 896 quaestum
1037 847 1157 895 atque
1185 844 1392 884 utilitatem
1432 844 1577 884 domini
1611 843 1843 884 exercebat.
1900 842 1973 882 Cui
2005 842 2181 882 familiae

185 919 368 960 urbanae
392 918 585 958 rusticam
612 916 795 968 adjicias,
835 930 977 957 servos
1004 915 1110 965 illos,
1146 930 1241 969 quos
1274 915 1433 967 divites,
1467 917 1613 957 minimi
1650 921 1794 966 enatos,
1833 919 2023 956 centenos
2058 913 2180 955 mille·

185 1003 339 1043 uosque
366 991 403 1029 in
431 989 551 1029 villas
579 986 866 1040 latifundiaque
892 988 1237 1040 dispertiebantur,
1261 992 1310 1027 ut
1335 987 1387 1027 ibi
1415 1002 1492 1029 non
1516 990 1644 1030 solum
1671 1002 1814 1040 agrum
1841 988 2037 1037 colerent,
2061 999 2179 1039 peco-

184 1076 271 1103 rum
298 1066 577 1115 pratorumque
601 1073 738 1100 curam
767 1064 950 1112 agerent,
980 1073 1120 1101 verum
1148 1060 1264 1100 etiam
1292 1060 1486 1100 maximas
1519 1066 1772 1101 exstruerent
1797 1059 2069 1100 aedificiorum
2096 1072 2178 1098 mo·

185 1133 257 1173 les.
306 1132 446 1174 Villae
470 1132 570 1171 mari
599 1132 788 1181 injectae,
837 1144 948 1170 mare
974 1135 1110 1171 terrae
1132 1132 1359 1180 immissum,
1398 1145 1520 1184 opera
1543 1133 1738 1184 portentis
1764 1132 1921 1188 similia,
1954 1132 2006 1170 ad
2039 1131 2182 1170 fortui-

183 1209 250 1244 tas
289 1200 456 1245 divitum
493 1203 733 1254 cupiditates
770 1202 993 1254 explendas
1026 1208 1225 1255 suscepta,
1265 1202 1304 1242 in
1343 1203 1561 1256 Campania
1595 1204 1763 1255 aliisque
1800 1201 1942 1242 Italiae
1979 1202 2179 1242 inferioris

183 1275 369 1328 partibus
392 1274 668 1313 admirantium
697 1274 824 1312 oculis
859 1286 952 1312 sese
978 1274 1208 1314 offerebant.
1260 1274 1474 1324 Lucullus,
1511 1279 1557 1313 ut
1591 1280 1793 1314 recentem
1829 1275 2178 1326 incorruptamque

183 1345 306 1385 maris
349 1359 493 1397 aquam
528 1345 663 1396 pisces
699 1345 760 1383 sui
795 1345 1002 1392 haberent,
1044 1351 1194 1385 montes
1235 1345 1427 1394 subverti,
1463 1346 1791 1397 profundissimas
1827 1347 2005 1398 piscinas
2043 1344 2178 1392 effodi,

184 1417 480 1469 immensasque
504 1415 677 1469 lapidum
718 1414 845 1455 moles
881 1414 921 1455 iu
957 1429 1068 1457 mare
1104 1420 1344 1457 exaestuans
1379 1416 1622 1458 inaedificari
1651 1416 1787 1468 jussit.
1819 1417 1856 1468 2)
1933 1415 2044 1461 Quot
2093 1428 2178 1455 ma·

184 1489 301 1530 nibus
354 1490 406 1529 ad
447 1493 531 1527 tam
574 1493 834 1528 monstruosa
868 1501 991 1541 opera
1036 1489 1232 1529 molienda
1273 1489 1593 1542 perficiendaque
1631 1504 1732 1544 opus
1772 1489 1900 1530 fuisse
1936 1489 2175 1529 censemus}

184 1562 300 1611 Num,
348 1560 460 1599 hisce
498 1560 627 1599 animo
664 1560 883 1612 conceptis,
940 1561 1023 1601 veri
1055 1560 1154 1601 fines
1189 1561 1307 1601 nobis
1338 1563 1533 1602 excedere
1567 1562 1766 1602 videbitur
1805 1561 1959 1601 Plinius
1993 1574 2178 1610 narrans,

186 1632 406 1672 Caecilium
445 1630 656 1671 Claudium
701 1630 930 1682 Isiodorum
980 1646 1104 1686 supra
1151 1636 1317 1685 quatuor
1370 1633 1479 1673 milia
1531 1646 1740 1674 servorum
1784 1632 2018 1686 reliquisse,
2046 1631 2083 1682 ³)
2137 1635 2179 1671 et

186 1704 267 1743 alio
302 1704 404 1750 loco,
446 1704 484 1741 in
521 1704 662 1741 domos
694 1701 981 1761 manga-iorum
1008 1703 1183 1755 legiones
1211 1710 1253 1745 et
1287 1706 1444 1744 turbam
1469 1710 1676 1744 externam
1707 1706 1766 1744 ita
1787 1707 2012 1755 conjectam
2036 1704 2177 1749 fuisse,

186 1780 232 1816 ut
261 1787 468 1815 servorum
497 1786 626 1813 causa
651 1760 926 1815 nomendator
952 1774 1028 1826 ipsi
1053 1775 1203 1815 domino
1226 1776 1433 1816 habendus
1460 1780 1585 1816 esset.
1613 1776 1652 1827 ⁴)
1705 1775 1799 1829 lpse
1830 1776 1973 1828 ingens
2000 1774 2068 1815 ille
2095 1788 2178 1814 ser·

187 1860 329 1888 vorum
365 1858 569 1894 numerus,
601 1845 799 1896 exceptiS,
839 1845 904 1898 qui
944 1847 994 1885 ob
1030 1847 1266 1900 singulares,
1302 1861 1403 1901 quae
1440 1847 1479 1886 in
1514 1848 1563 1887 iis
1594 1848 1795 1888 elucerent
1827 1846 1987 1897 laudes,
2014 1845 2178 1886 maximi

186 1918 508 1963 aestimarentur,
531 1915 776 1966 singulorum
803 1916 973 1967 pretium
995 1919 1252 1970 deprimebat3
1291 1933 1370 1972 quo
1396 1919 1542 1968 evenit,
1577 1925 1623 1959 ut
1657 1918 1817 1968 domini,
1852 1917 1961 1956 nihili
1996 1917 2084 1957 fere
2111 1930 2178 1956 eo·

190 2004 280 2031 rum
307 1987 432 2029 vitam
463 1987 698 2039 pendentes,
723 1985 828 2031 male
854 1975 1085 2042 plerumque
1113 1994 1153 2031 et
1175 1989 1385 2030 durissime
1417 2003 1487 2030 eos
1511 1989 1757 2038 adhiberent,
1790 1988 1910 2029 immo
1939 1988 2059 2030 etiam
2091 2001 2177 2028 sce·

189 2060 430 2102 leratissime
466 2059 505 2097 in
540 2071 612 2098 eos
640 2057 857 2108 saevirent,
892 2060 1005 2100 obliti
1032 2062 1194 2108 scilicet,
1230 2075 1276 2102 se
1300 2076 1379 2103 non
1407 2062 1525 2103 rebus
1554 2075 1676 2101 sensu
1703 2061 1931 2101 carentibus
1955 2062 2028 2100 sed
2054 2061 2177 2100 homi·

186 2134 302 2176 nibus
338 2129 461 2171 abuti.
515 2128 750 2169 conditione
777 2128 896 2182 igitur
921 2129 1169 2174 intoleranda
1190 2132 1441 2187 dui-iureque,
1479 2146 1594 2186 quam
1629 2132 1734 2173 ratio
1763 2130 2023 2172 humanitatis
2056 2143 2176 2173 servo

188 2210 230 2247 et
268 2203 427 2243 domiuo
461 2200 682 2240 communis
715 2201 912 2253 exigeret,
954 2204 1129 2244 maxima
1162 2209 1248 2244 erat
1282 2219 1486 2246 servorum
1522 2204 1682 2251 cohors,
1732 2205 2008 2257 pecudumque
2039 2203 2177 2256 potius

186 2291 306 2331 quam
326 2274 525 2314 hominum
548 2286 712 2312 numero
737 2275 989 2315 censebatur.
1006 2275 1113 2317 ‘Nec
1137 2290 1212 2316 non
1246 2277 1472 2318 sentiebant
1496 2276 1682 2326 Romani,
1711 2290 1757 2315 se
1773 2274 2177 2315 contumeliosissime

382 2508 418 2548 ¹)
440 2506 558 2549 Polyb.
583 2506 627 2541 11.
649 2518 725 2551 pag.
752 2507 834 2541 1458
857 2509 898 2541 ed
919 2509 1067 2545 Gronov.
1842 2474 1864 2495 ·

382 2568 419 2609 2)
442 2568 527 2602 Plut.
552 2568 681 2600 Lucull.
706 2569 758 2602 39.

380 2630 417 2670 ³)
440 2629 524 2664 Plin.
549 2630 715 2671 XXXIII,
742 2632 793 2665 10.

382 2691 418 2732 ¹⁸)
442 2690 525 2723 Plin.
547 2691 663 2732 XXX,
687 2692 716 2725 1.
