2373 3224
2092 128 2117 143 s

184 169 218 224 8

187 303 552 361 superbissimeque
575 302 615 342 in
643 315 714 341 eos
744 299 967 341 consulere.
1019 300 1220 341 Senecam
1254 299 1423 340 audias:
1460 298 1584 350 „Alia
1615 298 1771 340 interim
1801 303 1982 344 crudelia
2009 308 2050 344 et
2086 303 2195 345 inhn-

187 390 309 420 mana
339 380 564 430 praetereo,
593 373 696 426 quod
720 384 798 411 nec
822 376 1028 426 tamqnam
1056 371 1280 412 hominibus
1305 372 1377 412 sed
1404 375 1605 424 tamquam
1626 371 1823 422 jumentis
1849 373 2081 417 abutimnr.”
2105 377 2142 427 ¹)

377 447 532 492 Quibus
559 447 756 495 majorem
782 448 829 483 ut
857 445 1027 496 adjicias
1053 444 1184 490 fidem,
1222 444 1359 484 varias
1387 447 1428 483 et
1455 442 1754 483 crudelissimas
1790 458 1996 486 servorum
2026 460 2197 502 poenae,

189 523 242 564 ob
269 521 434 562 minima
459 517 698 569 saepissime
734 516 897 565 delicta,
934 531 1010 556 nec
1035 530 1108 568 pro
1135 516 1293 567 peccati
1320 515 1609 567 magnitudine,
1647 518 1719 557 sed
1753 531 1825 569 pro
1854 518 2002 557 domini
2029 520 2197 560 arbitrio

189 595 241 636 de
264 592 313 633 iis
337 593 508 641 sumtas,
536 587 782 638 memineris,
805 586 1111 640 recorderisque
1136 586 1234 628 illud
1259 585 1568 627 Terentianum:

691 660 792 692 berun
816 661 846 691 si
871 659 1021 699 redierit,

437 722 633 755 Molendum
656 732 758 763 usque
781 722 816 753 in
841 722 996 764 pristino,
1018 719 1253 764 vapulandum,
1278 718 1450 752 habendae
1472 721 1665 762 compedes,

440 783 533 827 Opus
553 783 621 815 ruri
644 781 846 815 faciundum.
872 782 909 823 ²)

377 845 465 886 Nec
499 860 597 888 vero
630 858 768 884 omnes
806 857 960 897 poenas
1000 857 1143 885 servus
1173 843 1443 884 Terentianus
1478 847 1682 893 recenset,
1722 844 1954 895 adiicienda
1989 850 2200 898 praeterea

190 922 311 963 furca
333 922 377 958 et
404 931 519 967 crux,
549 916 709 968 aliaque
745 917 929 969 supplicii
957 929 1109 969 genera
1139 915 1269 955 minus
1294 913 1458 964 usitata,
1495 927 1598 966 quae
1638 914 1783 965 omnia,
1820 916 2074 967 gravioribus
2107 916 2202 957 deli·

194 993 273 1034 ctis
296 987 498 1032 reservari
524 987 659 1038 solita,
689 999 769 1027 non
794 988 853 1027 ita
872 1002 967 1028 raro
991 993 1124 1028 tamen
1158 986 1457 1037 adhibebantur,
1488 990 1532 1026 ut
1565 986 1744 1040 epitheta
1778 1000 1985 1028 servorum
2022 986 2201 1028 furciferi

193 1069 235 1105 et
260 1060 446 1103 cruciarii
475 1060 576 1098 satis
605 1058 825 1100 declarant.
886 1059 1041 1099 Eadem
1071 1059 1141 1098 illa
1168 1059 1352 1099 Terentii
1389 1058 1515 1097 verba
1541 1059 1731 1108 innuunt,
1772 1072 1916 1099 servos
1948 1059 2084 1099 durius
2120 1059 2201 1098 ruri

196 1148 315 1190 quam
343 1133 450 1172 intra
473 1131 613 1171 urbem
640 1131 802 1171 habitos
829 1131 969 1172 fuisse.
1026 1131 1186 1171 Domini
1215 1145 1286 1172 eos
1311 1129 1564 1183 gravissimis
1598 1129 1803 1170 laboribus
1842 1143 2072 1183 oppressos,
2108 1143 2203 1184 pan·

193 1208 256 1246 nis
283 1205 453 1252 obsitos,
477 1203 714 1242 tenuissimo
738 1203 850 1244 victu
873 1204 1048 1253 alebant,
1073 1208 1116 1243 et
1140 1203 1302 1257 insuper
1326 1214 1404 1241 non
1428 1201 1572 1240 noxios
1596 1205 1768 1251 tantum,
1795 1215 1897 1253 quos
1921 1202 2082 1254 ingenio
2109 1215 2203 1242 con·

194 1283 381 1318 tumaces
418 1279 459 1314 et
495 1273 721 1314 malitiosos
751 1275 1121 1327 deprehendissent,
1159 1276 1230 1314 sed
1258 1274 1440 1314 innoxios
1470 1272 1588 1314 ctiam
1627 1272 1896 1327 imprimisque
1928 1287 2098 1327 corpore
2133 1287 2201 1314 va·

195 1351 345 1394 lentes,
371 1351 477 1386 metu
504 1346 745 1386 seditionum
773 1352 815 1386 et
841 1347 964 1399 fugae
990 1352 1110 1387 noctu
1138 1348 1177 1386 in
1204 1345 1434 1397 ergastulis,
1463 1345 1695 1385 carceribus
1727 1345 1805 1385 illis
1834 1346 2120 1396 subterraneis,
2147 1346 2202 1385 in·

196 1421 335 1463 clusos
358 1417 561 1458 tenebant.
612 1416 745 1462 Quum
768 1423 902 1459 autem
925 1418 1025 1471 fuga
1049 1433 1095 1459 se
1120 1422 1261 1458 tantae
1286 1416 1531 1457 dominorum
1559 1416 1751 1459 saevitati
1779 1416 1933 1471 eripere
1959 1421 2202 1466 tentassent,

196 1493 349 1535 nullam
382 1489 439 1529 illi
475 1491 526 1529 ad
555 1502 627 1529 eos
662 1489 915 1543 indagandos
947 1491 987 1531 in
1015 1492 1298 1543 servitiumque
1322 1490 1571 1530 reducendos
1600 1503 1763 1543 operam
1789 1503 1869 1529 non
1897 1490 2202 1546 impendebant3

197 1564 337 1606 libello
364 1560 573 1615 proposito
601 1560 668 1600 vel
692 1573 765 1613 per
786 1561 1041 1613 fugitivarios
1081 1562 1339 1615 requirendos
1371 1574 1445 1601 eos
1486 1561 1697 1612 curabant,
1739 1562 1966 1602 mercedem
2004 1559 2203 1613 refugium

200 1636 358 1676 illorum
383 1632 616 1672 indicaturis
644 1632 895 1684 pollicentes.
946 1634 985 1674 A
1010 1633 1110 1685 fuga
1129 1647 1225 1674 vero
1253 1632 1435 1672 retractis
1461 1631 1658 1684 stigmata
1685 1632 1807 1672 fronti
1834 1633 2006 1682 inurere,
2036 1632 2204 1673 collaria

200 1706 396 1757 inscripta
423 1709 465 1743 et
491 1705 707 1754 compedes
736 1705 916 1755 injicere,
942 1705 1154 1758 capillique
1181 1709 1333 1757 partem
1359 1704 1519 1753 radere,
1554 1693 1731 1749 leviores
1763 1716 1919 1757 poenas
1952 1717 2046 1745 esse
2079 1717 2204 1758 saepe

200 1778 349 1822 domini
374 1775 615 1827 censebant3
641 1776 693 1815 ad
717 1775 870 1817 bestias
897 1777 1019 1818 etiam
1048 1777 1115 1818 vel
1141 1778 1193 1818 ad
1218 1776 1377 1817 metalla
1404 1788 1477 1815 eos
1505 1775 1760 1831 daimabant,
1797 1775 1907 1817 cruci
1933 1776 2046 1831 affigi
2072 1777 2137 1820 vel
2163 1777 2204 1818 in

199 1852 337 1892 ludum
366 1848 648 1900 gladiatorium
677 1848 833 1887 detrudi
853 1848 1066 1900 jubebant.
1117 1849 1174 1888 At
1206 1848 1255 1887 iis
1285 1848 1414 1898 etiam,
1449 1846 1516 1899 qui
1541 1847 1785 1898 gravissima
1817 1848 1888 1888 illa
1926 1849 2122 1902 supplicia
2149 1850 2206 1890 ef·
2239 1833 2243 1836 >

197 1925 404 1975 fugerant,
433 1917 667 1958 tristissima
697 1932 789 1958 sors
816 1919 1019 1960 manebat.
1070 1919 1213 1961 Testis
1242 1919 1412 1960 Plinius:
1450 1917 1536 1969 „At
1563 1931 1669 1959 nunc
1694 1920 1836 1960 eadem
1860 1920 1928 1960 illa
1961 1920 2204 1973 (latifundia)

199 1993 327 2037 vincti
360 1991 500 2044 pedes,
538 1990 755 2030 damnatae
784 2004 940 2040 manus,
976 1990 1157 2043 inscripti
1188 1990 1322 2032 vultus
1353 1990 1585 2031 exercent.”
1607 1989 1644 2042 3)
1698 1990 1860 2044 Optime
1896 2005 1994 2032 vero
2034 1992 2205 2033 miserri-

198 2078 309 2106 mam
335 2074 476 2102 eorum
504 2060 771 2100 conditionem
800 2061 1033 2114 cultumque
1061 2063 1322 2114 asperrimum
1354 2060 1541 2100 terrificis
1572 2060 1775 2100 coloribus
1804 2062 1985 2114 depinxit
2009 2065 2204 2116 posterio-

198 2138 256 2178 ris
287 2132 379 2175 aevi
405 2130 580 2184 scriptor
597 2130 838 2184 Appuleius:
866 2131 969 2183 „Dii
996 2132 1101 2183 boni,
1126 2133 1265 2187 inquit,
1292 2131 1420 2186 qualis
1447 2130 1504 2171 illi
1529 2130 1772 2180 homunculi,
1797 2132 1994 2174 vibicibus
2022 2132 2203 2176 livediuis

199 2212 328 2247 totam
353 2208 488 2243 cutem
515 2202 679 2254 depicti,
708 2203 871 2241 dorsum
897 2202 1113 2255 plagosum
1140 2204 1289 2243 scissili
1317 2201 1555 2243 centunculo
1585 2202 1716 2254 magis
1743 2203 1957 2243 inumbrati
1992 2217 2111 2257 quam
2138 2206 2205 2245 ob-

199 2277 315 2326 tecti,
340 2273 518 2314 nonnulli
546 2274 694 2325 exiguo
719 2273 830 2324 tegili
858 2273 1005 2326 pubem
1030 2275 1304 2314 tantummodo
1328 2274 1476 2325 injecti,
1516 2273 1647 2313 cuncti
1678 2277 1815 2313 tamen
1851 2275 1912 2315 sic
1946 2276 2126 2326 tunicati,
2158 2282 2205 2317 ut

201 2351 342 2389 essent
375 2357 447 2398 per
481 2342 680 2398 pannulos
711 2344 926 2395 manifesti,
968 2344 1124 2386 frontes
1156 2345 1304 2387 literati
1334 2349 1377 2387 et
1410 2344 1601 2399 capillum
1636 2345 1818 2385 semirasi
1853 2351 1893 2386 et
1925 2349 2049 2399 pedes
2082 2360 2205 2389 annu-

2117 2420 2204 2460 lati.

200 2487 452 2500 ——-—--—·

513 2507 536 2527 ο

397 2582 431 2624 ¹)
454 2581 534 2615 Seu.
558 2582 654 2625 epist.
677 2583 729 2617 47.

393 2663 431 2704 ²)
454 2663 595 2694 Terent.
621 2662 753 2696 Phorm.
781 2664 822 2696 11.
849 2665 875 2697 1.

392 2745 429 2787 3)
453 2746 538 2778 Plin.
563 2743 693 2783 xvln,
719 2745 749 2776 4.
