2373 3224
2128 150 2163 206 5

172 289 409 347 praesertim
437 302 554 342 quum
581 288 784 330 exercitus
811 285 996 337 Romani,
1027 285 1065 325 in
1097 285 1312 338 provinciis
1342 289 1452 330 'nova
1488 287 1739 341 voluptatum
1777 301 1826 329 ac
1859 288 2060 330 libidinum
2092 302 2161 343 ge-

171 375 269 405 nera
289 360 435 413 edocti,
462 361 620 401 domum
646 358 816 409 reversi,
855 356 1065 397 dulcedine
1093 369 1227 398 earum
1257 370 1397 398 carere
1428 360 1577 400 nollent
1604 365 1646 400 et
1681 373 1733 400 ne
1759 373 1884 415 posse
1914 361 2067 413 quidem
2096 374 2158 402 ar·

172 433 426 474 hitrarentur.
480 432 568 472 Nec
603 431 818 483 quidquam
848 428 1040 468 valebant
1068 436 1205 469 contra
1238 429 1353 481 leges
1393 432 1636 471 sumtuariae
1680 431 1855 483 priscive
1892 431 2060 471 Catonis
2098 434 2157 473 ira

173 517 225 548 ιο
250 504 460 556 severitas,
484 504 545 544 ita
566 506 623 552 ut,
649 499 896 552 Carthagine
922 499 1070 550 deleta,
1107 513 1179 541 nec
1211 500 1294 542 ullo
1318 502 1406 552 jam
1433 501 1520 554 pari
1553 507 1624 543 aut
1658 504 1834 544 secundo
1870 502 2066 543 Romanis
2097 517 2157 544 ar·

173 577 247 618 mis
272 577 390 617 hoste
409 576 649 623 reluctante,
677 585 864 611 crescens
887 572 925 611 in
949 572 1036 612 dies
1060 572 1235 613 luxuries
1262 578 1521 627 veterumque
1548 587 1699 613 morum
1728 581 1954 615 contemtus
1981 588 2062 614 non
2091 576 2157 614 mi-

170 664 247 691 nus
274 662 392 703 quam
416 645 538 686 futuri
567 644 738 699 provida
761 643 958 696 Scipionis
986 656 1114 694 mens,
1141 658 1253 697 quem
1277 643 1533 697 Carthaginis
1554 645 1678 685 ruinis
1704 645 1940 688 insidentem
1967 646 2158 687 lacrimas

170 721 328 763 fudisse
352 718 500 768 ferunt,
544 717 792 770 pulcherrimi
833 716 939 756 illius
973 716 1241 756 Romanorum
1276 715 1428 769 imperii
1465 717 1666 757 interitum
1708 720 2006 770 portenderent.
2066 718 2158 758 Non

173 794 260 834 dies
288 790 527 840 Cannensis,
553 802 633 829 non
662 788 862 829 Hannibal
886 791 1003 835 tanta
1022 788 1303 840 rempublicam
1332 789 1554 831 affecerant
1579 790 1709 840 clade,
1750 795 1939 842 quautam
1967 790 2003 830 ei
2028 795 2159 831 strue·

171 867 269 907 bant
293 863 538 904 devictarum
566 860 695 901 Asiae
723 859 1016 913 provinciarum
1045 859 1240 912 amicique
1264 861 1371 912 regis
1384 861 1511 901 Attali
1539 875 1663 914 opes3
1697 861 1843 900 civium
1869 861 1972 900 enim
2001 862 2157 900 animos

172 950 293 977 saera
315 934 382 974 illa
407 934 494 973 auri
519 933 628 972 fame
661 931 908 984 polluebant,
944 945 1062 983 quae,
1101 932 1200 971 omni
1231 933 1383 984 pudore
1408 933 1697 985 honestateque
1723 933 1899 983 abjecta,
1927 932 2159 984 turpissima

171 1019 366 1065 quaeque,
394 1008 440 1046 ut
467 1003 689 1057 expleatur,
723 1002 896 1043 maxime
921 1001 1124 1056 requirere
1152 1002 1265 1043 solet.
1317 1001 1415 1044 Inde
1453 1003 1695 1056 reipublicae
1730 1016 1895 1044 munera
1928 1003 2078 1043 ambitu
2114 1007 2157 1042 et

169 1082 312 1122 fraude
339 1077 512 1126 auferre,
539 1075 766 1127 provincias
790 1087 930 1114 omnes
955 1076 1143 1127 diripere,
1165 1075 1298 1114 socios
1325 1076 1563 1127 opprimere,
1598 1077 1767 1127 profana
1795 1081 1838 1115 et
1866 1089 1986 1114 sacra
2020 1076 2156 1114 omnia

163 1156 286 1206 juxta
307 1152 576 1198 contemnere,
604 1149 655 1187 ad
682 1151 919 1196 extremum,
947 1159 1065 1198 quum
1101 1145 1353 1187 foedissimae
1381 1148 1586 1200 cupiditati
1623 1163 1673 1188 ac
1706 1147 1926 1200 profusioni
1954 1159 2004 1186 ne
2031 1146 2157 1186 maxi-

172 1237 265 1267 mae
289 1222 447 1276 quidem
467 1223 726 1273 suppeterent
753 1217 928 1267 divitiae,
946 1217 1086 1258 ultima
1104 1218 1273 1272 nequitia
1293 1220 1599 1274 turpissimaque
1619 1219 1826 1273 iniquitate
1844 1219 1882 1258 id
1897 1217 2070 1268 efficere,
2097 1222 2157 1265 ut,

170 1295 312 1351 paucis
337 1305 493 1333 summa
517 1290 728 1331 fluentibus
753 1289 909 1330 luxurie
937 1302 987 1329 ac
1020 1289 1181 1341 deliciis,
1215 1291 1389 1343 plurima
1416 1292 1558 1333 civium
1585 1307 1678 1345 pars
1706 1291 1927 1331 miserrima
1957 1302 2157 1343 premere-

171 1374 236 1409 tur
260 1364 406 1419 inopia.
447 1362 585 1402 Tanta
607 1361 693 1401 auri
717 1360 824 1399 fame
851 1362 1022 1400 omnium
1048 1361 1197 1400 animos
1225 1363 1489 1413 devinciente,
1520 1377 1596 1415 quo
1623 1364 1701 1402 alio
1722 1376 1838 1415 quam
1867 1363 2044 1414 praedae
2074 1365 2156 1400 stu·

173 1440 238 1484 dio
264 1438 468 1476 Romanos
497 1434 548 1472 ad
575 1433 682 1472 bella
701 1434 879 1483 gerenda
905 1432 1164 1472 inflammatos
1190 1433 1316 1473 ruisse
1342 1437 1584 1474 credideris?
1611 1437 1714 1486 quod
1741 1449 1860 1486 quum
1878 1433 2155 1485 expleverant,

171 1509 253 1560 vel,
278 1512 325 1548 ut
349 1504 498 1547 monus
526 1504 672 1553 dicam,
703 1503 743 1543 in
774 1508 930 1556 tempus
962 1509 1303 1578 compescuerant,
1338 1510 1559 1546 castrorum
1590 1505 1794 1546 laboribus
1819 1504 2054 1558 patriaeque
2091 1517 2155 1543 sa·

137 1622 149 1632 „
170 1580 245 1623 luti
270 1577 521 1631 voluptatum
543 1573 772 1615 dulcedines
802 1574 923 1627 louge
949 1550 1251 1628 anteponebant.
1303 1576 1406 1620 Quin
1434 1590 1632 1631 pauperes
1658 1577 1735 1629 ipsi
1756 1576 1920 1628 segnius
1936 1578 2024 1627 jam
2039 1588 2155 1614 arma

172 1652 399 1704 capiebant,
425 1649 550 1699 probe
576 1647 764 1695 scientes,
794 1660 854 1693 se,
879 1647 1037 1686 etiamsi
1061 1650 1229 1698 praedae
1251 1663 1347 1700 spes
1381 1664 1456 1687 non
1485 1652 1659 1698 deesset,
1691 1648 1868 1687 maxima
1898 1653 2033 1687 tamen
2063 1649 2152 1697 ejus

170 1728 287 1777 parte
314 1721 366 1762 ab
394 1717 650 1771 optimatibus
680 1716 953 1771 frustratum
943 1718 1017 1766 iri3
1045 1718 1104 1758 ita
1127 1723 1165 1758 ut
1183 1732 1261 1760 nec
1288 1719 1362 1760 sibi
1387 1733 1462 1761 nec
1488 1720 1658 1772 patriae,
1688 1720 1759 1759 sed
1782 1717 2059 1760 nonnullorum
2084 1718 2153 1758 ho-

170 1795 318 1837 minum
345 1789 467 1832 saluti
490 1787 734 1842 reipublicae
759 1788 899 1828 hostes
930 1788 1075 1829 victuri
1101 1794 1242 1831 essent.
1276 1791 1313 1842 ¹)
1363 1789 1502 1843 ltaque
1540 1790 1672 1829 nimiis
1700 1789 1850 1830 divitiis
1881 1802 1930 1829 eo
1956 1790 2152 1842 perducta

170 1865 411 1918 respublica,
436 1867 481 1900 ut
502 1875 600 1900 auro
629 1862 850 1909 abundans,
883 1860 991 1899 ferro
1026 1875 1160 1901 carere
1183 1862 1390 1914 inciperet,
1427 1863 1671 1913 graviusque
1699 1863 1809 1901 cives
1842 1876 1942 1901 suos
1967 1863 2155 1913 despera,-

170 1940 279 1980 tione
321 1933 529 1976 confectos
556 1945 675 1984 quam
716 1930 934 1971 acerrimos
970 1931 1112 1973 hostes
1145 1932 1317 1974 timeret.
1371 1932 1603 1981 Praeterea,
1643 1946 1761 1986 quum
1800 1932 2001 1973 continuis
2035 1931 2154 1973 bellis

172 2009 317 2053 civium
345 2018 533 2047 numerus
556 2002 677 2044 valde
703 2002 1003 2055 diminueretur,
1030 2005 1083 2045 ad
1104 2003 1332 2057 frequentes
1356 2003 1686 2045 manumissiones
1713 2009 1804 2044 erat
1828 2004 2151 2058 confugiendum,

172 2095 250 2135 quo
272 2080 438 2128 factum,
472 2081 515 2116 ut
547 2076 588 2114 in
614 2074 790 2114 civitatis
818 2075 946 2113 sinum
981 2077 1228 2129 acciperetur
1253 2090 1403 2127 magna
1442 2076 1638 2115 hominum
1681 2077 1812 2124 turba,
1857 2077 1997 2129 quibus
2031 2089 2152 2128 quum

170 2153 268 2196 nibil
289 2151 364 2193 nisi
398 2160 571 2191 noverca
594 2145 823 2199 respublica
855 2150 980 2197 esset,
1022 2147 1076 2188 ad
1112 2161 1195 2188 eam
1223 2145 1395 2188 filiorum
1434 2146 1561 2186 instar
1597 2146 1839 2200 diligendam
1882 2148 2153 2201 tuendamque

171 2225 326 2266 animus
351 2233 429 2261 non
457 2221 602 2259 deesse
627 2231 706 2259 nou
730 2218 872 2271 potuit.
926 2216 1105 2258 Laboris
1132 2202 1235 2259 vero·
1251 2219 1416 2271 agrique
1444 2218 1600 2257 colendi
1635 2220 1768 2259 studio
1793 2222 1881 2270 jam
1916 2219 2070 2272 pridem
2099 2220 2150 2259 ab

172 2295 253 2338 illis
278 2291 500 2333 hominibus
523 2289 723 2341 neglecto,
753 2289 889 2343 genita
912 2293 977 2328 est
1003 2289 1071 2328 illa
1097 2290 1205 2342 plebs
1231 2290 1398 2337 urbana,
1432 2289 1566 2341 populi
1596 2289 1706 2340 faex,
1746 2303 1849 2341 quae
1878 2289 2077 2342 suffragia
2112 2296 2153 2330 et

172 2377 343 2418 corpora
364 2360 574 2415 plurimum
596 2360 732 2401 licenti
756 2361 930 2401 vendere
955 2373 1116 2412 semper
1138 2361 1444 2414 promptissima,
1486 2359 1703 2400 seditiones
1727 2360 1949 2413 turbasque
1979 2361 2152 2413 omnige-

171 2452 245 2482 nas
268 2436 484 2487 exoptatus
512 2431 588 2471 sibi
610 2431 794 2473 habebat.
849 2430 994 2472 Omnia
1019 2430 1103 2482 illa,
1132 2431 1207 2472 etsi
1235 2444 1315 2472 non
1341 2435 1494 2483 aperta,
1531 2430 1752 2471 occultiora
1786 2435 1922 2471 tamen
1950 2431 2042 2472 belli
2072 2445 2152 2472 ser-

170 2510 261 2555 vilis
287 2510 402 2548 erant
425 2498 696 2554 incitamenta,
734 2503 960 2545 arctissime
984 2503 1090 2544 enim
1126 2516 1213 2544 cum
1255 2517 1462 2545 servorum
1505 2501 1853 2555 gladiatorumque
1892 2515 2056 2544 numero
2101 2517 2150 2544 ac

302 2717 339 2760 ¹)
361 2715 448 2748 Plut.
472 2713 549 2746 Tib.
572 2713 718 2746 Graeca.
737 2712 770 2747 8.
