<?xml version="1.0" encoding="UTF-8"?>
<!DOCTYPE html PUBLIC "-//W3C//DTD XHTML 1.0 Transitional//EN"
    "http://www.w3.org/TR/xhtml1/DTD/xhtml1-transitional.dtd">
<html xmlns="http://www.w3.org/1999/xhtml" xml:lang="en" lang="en">
 <head>
  <title>
</title>
<meta http-equiv="Content-Type" content="text/html;charset=utf-8" />
  <meta name='ocr-system' content='tesseract 3.04.00' />
  <meta name='ocr-capabilities' content='ocr_page ocr_carea ocr_par ocr_line ocrx_word'/>
</head>
<body>
  <div class='ocr_page' id='page_1' title='image "./4773728_0018.png"; bbox 0 0 2373 3224; ppageno 0'>
   <div class='ocr_carea' id='block_1_1' title="bbox 184 153 251 204">
    <p class='ocr_par' dir='ltr' id='par_1_1' title="bbox 184 153 251 204">
     <span class='ocr_line' id='line_1_1' title="bbox 184 153 251 204; baseline 0 0"><span class='ocrx_word' id='word_1_1' title='bbox 184 153 251 204; x_wconf 77' lang='lat'><strong>12</strong></span> 
     </span>
    </p>
   </div>
   <div class='ocr_carea' id='block_1_2' title="bbox 184 278 2190 549">
    <p class='ocr_par' dir='ltr' id='par_1_2' title="bbox 184 278 2190 549">
     <span class='ocr_line' id='line_1_2' title="bbox 189 278 2190 334; baseline 0.001 -12"><span class='ocrx_word' id='word_1_2' title='bbox 189 296 314 323; x_wconf 84' lang='lat' dir='ltr'><strong>nuere</strong></span> <span class='ocrx_word' id='word_1_3' title='bbox 341 285 414 319; x_wconf 87' lang='lat' dir='ltr'><strong>aut</strong></span> <span class='ocrx_word' id='word_1_4' title='bbox 441 286 581 320; x_wconf 87' lang='lat' dir='ltr'><strong>tacere</strong></span> <span class='ocrx_word' id='word_1_5' title='bbox 611 282 728 320; x_wconf 86' lang='lat' dir='ltr'><strong>nefas</strong></span> <span class='ocrx_word' id='word_1_6' title='bbox 758 284 880 329; x_wconf 87' lang='lat' dir='ltr'><strong>atque</strong></span> <span class='ocrx_word' id='word_1_7' title='bbox 910 278 1075 329; x_wconf 89' lang='lat' dir='ltr'><strong>impium</strong></span> <span class='ocrx_word' id='word_1_8' title='bbox 1101 290 1178 317; x_wconf 86' lang='lat' dir='ltr'><strong>non</strong></span> <span class='ocrx_word' id='word_1_9' title='bbox 1205 278 1413 323; x_wconf 80' lang='lat' dir='ltr'><strong>haberent.</strong></span> <span class='ocrx_word' id='word_1_10' title='bbox 1449 282 1485 333; x_wconf 86' lang='lat'><strong>¹)</strong></span> <span class='ocrx_word' id='word_1_11' title='bbox 1543 281 1785 334; x_wconf 79' lang='lat' dir='ltr'><strong>Spartacum</strong></span> <span class='ocrx_word' id='word_1_12' title='bbox 1821 285 1975 326; x_wconf 86' lang='lat' dir='ltr'><strong>summi.</strong></span> <span class='ocrx_word' id='word_1_13' title='bbox 1997 283 2190 330; x_wconf 82' lang='lat' dir='ltr'><strong>excelleu-</strong></span> 
     </span>
     <span class='ocr_line' id='line_1_3' title="bbox 188 350 2187 406; baseline 0.001 -12"><span class='ocrx_word' id='word_1_14' title='bbox 188 354 415 406; x_wconf 86' lang='lat' dir='ltr'><strong>tissimique</strong></span> <span class='ocrx_word' id='word_1_15' title='bbox 441 354 588 405; x_wconf 77' lang='lat' dir='ltr'><strong>ingenii</strong></span> <span class='ocrx_word' id='word_1_16' title='bbox 616 355 755 392; x_wconf 85' lang='lat' dir='ltr'><strong>ducem</strong></span> <span class='ocrx_word' id='word_1_17' title='bbox 783 350 914 390; x_wconf 86' lang='lat' dir='ltr'><strong>fuisse</strong></span> <span class='ocrx_word' id='word_1_18' title='bbox 939 351 1066 402; x_wconf 85' lang='lat' dir='ltr'><strong>ipsius</strong></span> <span class='ocrx_word' id='word_1_19' title='bbox 1093 351 1289 391; x_wconf 87' lang='lat' dir='ltr'><strong>victoriae</strong></span> <span class='ocrx_word' id='word_1_20' title='bbox 1315 353 1567 404; x_wconf 86' lang='lat' dir='ltr'><strong>hostiumque</strong></span> <span class='ocrx_word' id='word_1_21' title='bbox 1589 355 1727 392; x_wconf 86' lang='lat' dir='ltr'><strong>clades</strong></span> <span class='ocrx_word' id='word_1_22' title='bbox 1752 355 1999 404; x_wconf 74' lang='lat' dir='ltr'><strong>amplissime</strong></span> <span class='ocrx_word' id='word_1_23' title='bbox 2022 359 2187 406; x_wconf 82' lang='lat' dir='ltr'><strong>docent3</strong></span> 
     </span>
     <span class='ocr_line' id='line_1_4' title="bbox 184 419 2189 477; baseline 0.002 -12"><span class='ocrx_word' id='word_1_24' title='bbox 184 424 342 477; x_wconf 75' lang='lat' dir='ltr'>ingenti</span> <span class='ocrx_word' id='word_1_25' title='bbox 373 424 476 466; x_wconf 88' lang='lat' dir='ltr'><strong>enim</strong></span> <span class='ocrx_word' id='word_1_26' title='bbox 504 421 745 464; x_wconf 83' lang='lat' dir='ltr'><strong>fortitudinis</strong></span> <span class='ocrx_word' id='word_1_27' title='bbox 773 434 824 461; x_wconf 88' lang='lat' dir='ltr'><strong>ac</strong></span> <span class='ocrx_word' id='word_1_28' title='bbox 854 420 1011 463; x_wconf 85' lang='lat' dir='ltr'><strong>consilii</strong></span> <span class='ocrx_word' id='word_1_29' title='bbox 1033 433 1109 473; x_wconf 90' lang='lat' dir='ltr'><strong>ope</strong></span> <span class='ocrx_word' id='word_1_30' title='bbox 1133 419 1172 459; x_wconf 92' lang='lat' dir='ltr'><strong>id</strong></span> <span class='ocrx_word' id='word_1_31' title='bbox 1199 421 1348 473; x_wconf 82' lang='lat' dir='ltr'><strong>effecit,</strong></span> <span class='ocrx_word' id='word_1_32' title='bbox 1385 429 1431 464; x_wconf 83' lang='lat' dir='ltr'><strong>ut</strong></span> <span class='ocrx_word' id='word_1_33' title='bbox 1454 424 1622 467; x_wconf 82' lang='lat' dir='ltr'><strong>Romani</strong></span> <span class='ocrx_word' id='word_1_34' title='bbox 1637 424 1686 468; x_wconf 39' lang='lat' dir='ltr'><strong>sin</strong></span> <span class='ocrx_word' id='word_1_35' title='bbox 1716 423 1806 476; x_wconf 83' lang='lat' dir='ltr'><strong>ipsa</strong></span> <span class='ocrx_word' id='word_1_36' title='bbox 1838 425 1948 464; x_wconf 87' lang='lat' dir='ltr'><strong>urbis</strong></span> <span class='ocrx_word' id='word_1_37' title='bbox 1981 428 2189 469; x_wconf 77' lang='lat' dir='ltr'><strong>vicinitate</strong></span> 
     </span>
     <span class='ocr_line' id='line_1_5' title="bbox 187 494 2189 549; baseline 0 -14"><span class='ocrx_word' id='word_1_38' title='bbox 187 497 381 543; x_wconf 75' lang='lat' dir='ltr'><strong>dimicare</strong></span> <span class='ocrx_word' id='word_1_39' title='bbox 408 499 648 546; x_wconf 78' lang='lat' dir='ltr'><strong>cogerentur</strong></span> <span class='ocrx_word' id='word_1_40' title='bbox 674 507 767 532; x_wconf 91' lang='lat' dir='ltr'><strong>cum</strong></span> <span class='ocrx_word' id='word_1_41' title='bbox 799 494 931 540; x_wconf 87' lang='lat' dir='ltr'><strong>hoste,</strong></span> <span class='ocrx_word' id='word_1_42' title='bbox 970 505 1086 543; x_wconf 89' lang='lat' dir='ltr'><strong>quem</strong></span> <span class='ocrx_word' id='word_1_43' title='bbox 1123 496 1248 533; x_wconf 85' lang='lat' dir='ltr'><strong>antea</strong></span> <span class='ocrx_word' id='word_1_44' title='bbox 1287 494 1524 539; x_wconf 81' lang='lat' dir='ltr'><strong>vilissimum</strong></span> <span class='ocrx_word' id='word_1_45' title='bbox 1558 495 1796 545; x_wconf 87' lang='lat' dir='ltr'><strong>habuerant,</strong></span> <span class='ocrx_word' id='word_1_46' title='bbox 1836 497 2034 548; x_wconf 78' lang='lat' dir='ltr'><strong>cujusque</strong></span> <span class='ocrx_word' id='word_1_47' title='bbox 2062 511 2189 549; x_wconf 74' lang='lat' dir='ltr'><strong>arma,</strong></span> 
     </span>
    </p>
   </div>
   <div class='ocr_carea' id='block_1_3' title="bbox 1066 203 1316 210">
    <p class='ocr_par' dir='ltr' id='par_1_3' title="bbox 1066 203 1316 210">
     <span class='ocr_line' id='line_1_6' title="bbox 1066 203 1316 210; baseline 0 0"><span class='ocrx_word' id='word_1_48' title='bbox 1066 203 1316 210; x_wconf 95' lang='lat' dir='ltr'><strong> </strong></span> 
     </span>
    </p>
   </div>
   <div class='ocr_carea' id='block_1_4' title="bbox 185 564 2189 2334">
    <p class='ocr_par' dir='ltr' id='par_1_4' title="bbox 186 564 2189 692">
     <span class='ocr_line' id='line_1_7' title="bbox 186 564 2189 617; baseline -0 -8"><span class='ocrx_word' id='word_1_49' title='bbox 186 568 266 609; x_wconf 87' lang='lat' dir='ltr'><strong>nisi</strong></span> <span class='ocrx_word' id='word_1_50' title='bbox 288 566 489 616; x_wconf 81' lang='lat' dir='ltr'><strong>incondita</strong></span> <span class='ocrx_word' id='word_1_51' title='bbox 519 578 729 606; x_wconf 86' lang='lat' dir='ltr'><strong>servorum</strong></span> <span class='ocrx_word' id='word_1_52' title='bbox 759 565 879 605; x_wconf 91' lang='lat' dir='ltr'><strong>turba</strong></span> <span class='ocrx_word' id='word_1_53' title='bbox 903 564 1184 615; x_wconf 87' lang='lat' dir='ltr'><strong>impedimento</strong></span> <span class='ocrx_word' id='word_1_54' title='bbox 1213 565 1288 617; x_wconf 89' lang='lat' dir='ltr'><strong>ipsi</strong></span> <span class='ocrx_word' id='word_1_55' title='bbox 1314 564 1473 616; x_wconf 87' lang='lat' dir='ltr'><strong>fuisset,</strong></span> <span class='ocrx_word' id='word_1_56' title='bbox 1505 566 1705 606; x_wconf 86' lang='lat' dir='ltr'><strong>difficilius</strong></span> <span class='ocrx_word' id='word_1_57' title='bbox 1734 567 1859 606; x_wconf 85' lang='lat' dir='ltr'><strong>etiam</strong></span> <span class='ocrx_word' id='word_1_58' title='bbox 1880 567 1931 606; x_wconf 84' lang='lat' dir='ltr'><strong>ab</strong></span> <span class='ocrx_word' id='word_1_59' title='bbox 1955 568 2039 607; x_wconf 89' lang='lat' dir='ltr'><strong>aris</strong></span> <span class='ocrx_word' id='word_1_60' title='bbox 2068 568 2189 609; x_wconf 82' lang='lat' dir='ltr'><strong>focis-</strong></span> 
     </span>
     <span class='ocr_line' id='line_1_8' title="bbox 186 638 530 692; baseline -0.015 -12"><span class='ocrx_word' id='word_1_61' title='bbox 186 653 265 692; x_wconf 90' lang='lat' dir='ltr'><strong>que</strong></span> <span class='ocrx_word' id='word_1_62' title='bbox 291 638 530 679; x_wconf 76' lang='lat' dir='ltr'><strong>arcuissent.</strong></span> 
     </span>
    </p>

    <p class='ocr_par' dir='ltr' id='par_1_5' title="bbox 185 700 2189 2334">
     <span class='ocr_line' id='line_1_9' title="bbox 370 700 2189 763; baseline 0.002 -14"><span class='ocrx_word' id='word_1_63' title='bbox 370 709 599 749; x_wconf 81' lang='lat' dir='ltr'><strong>Fortunam</strong></span> <span class='ocrx_word' id='word_1_64' title='bbox 628 711 841 761; x_wconf 85' lang='lat' dir='ltr'><strong>praeterea</strong></span> <span class='ocrx_word' id='word_1_65' title='bbox 863 708 949 757; x_wconf 86' lang='lat' dir='ltr'><strong>jam</strong></span> <span class='ocrx_word' id='word_1_66' title='bbox 977 706 1070 746; x_wconf 87' lang='lat' dir='ltr'><strong>inde</strong></span> <span class='ocrx_word' id='word_1_67' title='bbox 1096 706 1147 745; x_wconf 92' lang='lat' dir='ltr'><strong>ab</strong></span> <span class='ocrx_word' id='word_1_68' title='bbox 1175 708 1285 748; x_wconf 90' lang='lat' dir='ltr'><strong>initio</strong></span> <span class='ocrx_word' id='word_1_69' title='bbox 1313 708 1501 761; x_wconf 78' lang='lat' dir='ltr'><strong>Spartaci</strong></span> <span class='ocrx_word' id='word_1_70' title='bbox 1530 710 1685 762; x_wconf 77' lang='lat' dir='ltr'><strong>coeptis</strong></span> <span class='ocrx_word' id='word_1_71' title='bbox 1719 711 1953 763; x_wconf 81' lang='lat' dir='ltr'><strong>adspirasse</strong></span> <span class='ocrx_word' id='word_1_72' title='bbox 1988 700 2189 760; x_wconf 72' lang='lat' dir='ltr'><strong>fateamur</strong></span> 
     </span>
     <span class='ocr_line' id='line_1_10' title="bbox 189 778 2187 836; baseline 0 -14"><span class='ocrx_word' id='word_1_73' title='bbox 189 786 362 836; x_wconf 82' lang='lat' dir='ltr'><strong>oportet.</strong></span> <span class='ocrx_word' id='word_1_74' title='bbox 404 781 512 820; x_wconf 91' lang='lat' dir='ltr'><strong>Nihil</strong></span> <span class='ocrx_word' id='word_1_75' title='bbox 538 781 642 822; x_wconf 89' lang='lat' dir='ltr'><strong>enim</strong></span> <span class='ocrx_word' id='word_1_76' title='bbox 668 781 719 819; x_wconf 89' lang='lat' dir='ltr'><strong>ad</strong></span> <span class='ocrx_word' id='word_1_77' title='bbox 745 779 886 819; x_wconf 82' lang='lat' dir='ltr'><strong>turbas</strong></span> <span class='ocrx_word' id='word_1_78' title='bbox 915 778 1086 818; x_wconf 78' lang='lat' dir='ltr'><strong>serviles</strong></span> <span class='ocrx_word' id='word_1_79' title='bbox 1118 781 1352 820; x_wconf 85' lang='lat' dir='ltr'><strong>excitandas</strong></span> <span class='ocrx_word' id='word_1_80' title='bbox 1385 780 1424 819; x_wconf 93' lang='lat' dir='ltr'><strong>in</strong></span> <span class='ocrx_word' id='word_1_81' title='bbox 1451 783 1666 833; x_wconf 80' lang='lat' dir='ltr'><strong>majusque</strong></span> <span class='ocrx_word' id='word_1_82' title='bbox 1693 784 1902 833; x_wconf 82' lang='lat' dir='ltr'><strong>augendas</strong></span> <span class='ocrx_word' id='word_1_83' title='bbox 1927 782 2187 835; x_wconf 85' lang='lat' dir='ltr'><strong>opportunius</strong></span> 
     </span>
     <span class='ocr_line' id='line_1_11' title="bbox 189 850 2187 908; baseline -0.001 -14"><span class='ocrx_word' id='word_1_84' title='bbox 189 868 307 908; x_wconf 87' lang='lat' dir='ltr'><strong>quam</strong></span> <span class='ocrx_word' id='word_1_85' title='bbox 337 853 427 906; x_wconf 89' lang='lat' dir='ltr'><strong>ipsa</strong></span> <span class='ocrx_word' id='word_1_86' title='bbox 454 853 662 905; x_wconf 88' lang='lat' dir='ltr'><strong>provincia</strong></span> <span class='ocrx_word' id='word_1_87' title='bbox 688 850 921 902; x_wconf 86' lang='lat' dir='ltr'><strong>Campania,</strong></span> <span class='ocrx_word' id='word_1_88' title='bbox 950 854 1111 902; x_wconf 87' lang='lat' dir='ltr'><strong>praeter</strong></span> <span class='ocrx_word' id='word_1_89' title='bbox 1145 863 1283 892; x_wconf 88' lang='lat' dir='ltr'><strong>omnes</strong></span> <span class='ocrx_word' id='word_1_90' title='bbox 1314 856 1473 891; x_wconf 87' lang='lat' dir='ltr'><strong>ceteras</strong></span> <span class='ocrx_word' id='word_1_91' title='bbox 1498 851 1640 893; x_wconf 82' lang='lat' dir='ltr'><strong>Italiae</strong></span> <span class='ocrx_word' id='word_1_92' title='bbox 1670 853 1859 905; x_wconf 80' lang='lat' dir='ltr'><strong>regiones</strong></span> <span class='ocrx_word' id='word_1_93' title='bbox 1887 855 2016 895; x_wconf 88' lang='lat' dir='ltr'><strong>servis</strong></span> <span class='ocrx_word' id='word_1_94' title='bbox 2039 854 2187 905; x_wconf 84' lang='lat' dir='ltr'><strong>gladia-</strong></span> 
     </span>
     <span class='ocr_line' id='line_1_12' title="bbox 188 921 2189 978; baseline 0 -13"><span class='ocrx_word' id='word_1_95' title='bbox 188 926 425 978; x_wconf 88' lang='lat' dir='ltr'><strong>toribusque</strong></span> <span class='ocrx_word' id='word_1_96' title='bbox 451 924 615 963; x_wconf 88' lang='lat' dir='ltr'><strong>referta.</strong></span> <span class='ocrx_word' id='word_1_97' title='bbox 666 922 754 973; x_wconf 84' lang='lat' dir='ltr'><strong>Illic</strong></span> <span class='ocrx_word' id='word_1_98' title='bbox 780 922 982 974; x_wconf 72' lang='lat' dir='ltr'><strong>maximae</strong></span> <span class='ocrx_word' id='word_1_99' title='bbox 1009 921 1435 976; x_wconf 87' lang='lat' dir='ltr'><strong>frequentissimaeque</strong></span> <span class='ocrx_word' id='word_1_100' title='bbox 1462 922 1628 963; x_wconf 87' lang='lat' dir='ltr'><strong>divitum</strong></span> <span class='ocrx_word' id='word_1_101' title='bbox 1658 923 1794 975; x_wconf 79' lang='lat' dir='ltr'><strong>villae,</strong></span> <span class='ocrx_word' id='word_1_102' title='bbox 1832 923 2069 965; x_wconf 84' lang='lat' dir='ltr'><strong>foedissima</strong></span> <span class='ocrx_word' id='word_1_103' title='bbox 2104 938 2189 965; x_wconf 84' lang='lat' dir='ltr'><strong>ser-</strong></span> 
     </span>
     <span class='ocr_line' id='line_1_13' title="bbox 191 993 2189 1049; baseline 0 -12"><span class='ocrx_word' id='word_1_104' title='bbox 191 1011 332 1039; x_wconf 88' lang='lat' dir='ltr'><strong>vorum</strong></span> <span class='ocrx_word' id='word_1_105' title='bbox 360 994 569 1047; x_wconf 81' lang='lat' dir='ltr'><strong>ergastula</strong></span> <span class='ocrx_word' id='word_1_106' title='bbox 595 993 834 1046; x_wconf 86' lang='lat' dir='ltr'><strong>plurimique</strong></span> <span class='ocrx_word' id='word_1_107' title='bbox 862 993 1134 1045; x_wconf 78' lang='lat' dir='ltr'><strong>gladiatorum</strong></span> <span class='ocrx_word' id='word_1_108' title='bbox 1158 994 1253 1034; x_wconf 91' lang='lat' dir='ltr'><strong>ludi.</strong></span> <span class='ocrx_word' id='word_1_109' title='bbox 1292 994 1549 1046; x_wconf 81' lang='lat' dir='ltr'><strong>Quapropter</strong></span> <span class='ocrx_word' id='word_1_110' title='bbox 1575 1009 1696 1048; x_wconf 86' lang='lat' dir='ltr'><strong>quum</strong></span> <span class='ocrx_word' id='word_1_111' title='bbox 1722 996 1866 1047; x_wconf 77' lang='lat' dir='ltr'><strong>insigni</strong></span> <span class='ocrx_word' id='word_1_112' title='bbox 1893 997 2079 1047; x_wconf 87' lang='lat' dir='ltr'><strong>audacia,</strong></span> <span class='ocrx_word' id='word_1_113' title='bbox 2109 1011 2189 1049; x_wconf 84' lang='lat' dir='ltr'><strong>qua</strong></span> 
     </span>
     <span class='ocr_line' id='line_1_14' title="bbox 190 1065 2187 1120; baseline -0.001 -13"><span class='ocrx_word' id='word_1_114' title='bbox 190 1070 227 1108; x_wconf 92' lang='lat' dir='ltr'><strong>in</strong></span> <span class='ocrx_word' id='word_1_115' title='bbox 254 1073 390 1107; x_wconf 89' lang='lat' dir='ltr'><strong>monte</strong></span> <span class='ocrx_word' id='word_1_116' title='bbox 416 1066 598 1107; x_wconf 82' lang='lat' dir='ltr'><strong>Vesuvio</strong></span> <span class='ocrx_word' id='word_1_117' title='bbox 627 1065 784 1104; x_wconf 84' lang='lat' dir='ltr'><strong>Claudii</strong></span> <span class='ocrx_word' id='word_1_118' title='bbox 813 1065 972 1105; x_wconf 84' lang='lat' dir='ltr'><strong>Pulchri</strong></span> <span class='ocrx_word' id='word_1_119' title='bbox 1006 1065 1206 1117; x_wconf 88' lang='lat' dir='ltr'><strong>praetoris</strong></span> <span class='ocrx_word' id='word_1_120' title='bbox 1232 1078 1370 1105; x_wconf 87' lang='lat' dir='ltr'><strong>manus</strong></span> <span class='ocrx_word' id='word_1_121' title='bbox 1402 1065 1606 1117; x_wconf 79' lang='lat' dir='ltr'><strong>effugerat</strong></span> <span class='ocrx_word' id='word_1_122' title='bbox 1639 1066 1860 1120; x_wconf 90' lang='lat' dir='ltr'><strong>copiasque</strong></span> <span class='ocrx_word' id='word_1_123' title='bbox 1894 1069 1984 1118; x_wconf 87' lang='lat' dir='ltr'><strong>ejus</strong></span> <span class='ocrx_word' id='word_1_124' title='bbox 2016 1067 2187 1107; x_wconf 82' lang='lat' dir='ltr'><strong>trucida-</strong></span> 
     </span>
     <span class='ocr_line' id='line_1_15' title="bbox 190 1135 2188 1190; baseline -0.001 -11"><span class='ocrx_word' id='word_1_125' title='bbox 190 1143 319 1185; x_wconf 86' lang='lat' dir='ltr'><strong>verat,</strong></span> <span class='ocrx_word' id='word_1_126' title='bbox 345 1137 533 1190; x_wconf 85' lang='lat' dir='ltr'><strong>Spartaci</strong></span> <span class='ocrx_word' id='word_1_127' title='bbox 560 1136 732 1174; x_wconf 78' lang='lat' dir='ltr'><strong>nominis</strong></span> <span class='ocrx_word' id='word_1_128' title='bbox 758 1137 892 1187; x_wconf 83' lang='lat' dir='ltr'><strong>gloria</strong></span> <span class='ocrx_word' id='word_1_129' title='bbox 916 1141 1005 1174; x_wconf 85' lang='lat' dir='ltr'><strong>tota</strong></span> <span class='ocrx_word' id='word_1_130' title='bbox 1021 1138 1110 1186; x_wconf 85' lang='lat' dir='ltr'><strong>jam</strong></span> <span class='ocrx_word' id='word_1_131' title='bbox 1137 1135 1254 1175; x_wconf 82' lang='lat' dir='ltr'><strong>Italia</strong></span> <span class='ocrx_word' id='word_1_132' title='bbox 1273 1136 1603 1189; x_wconf 87' lang='lat' dir='ltr'><strong>percrebrescere</strong></span> <span class='ocrx_word' id='word_1_133' title='bbox 1633 1137 1857 1190; x_wconf 83' lang='lat' dir='ltr'><strong>coepisset3</strong></span> <span class='ocrx_word' id='word_1_134' title='bbox 1891 1139 2093 1185; x_wconf 69' lang='lat' dir='ltr'><strong>maximae</strong></span> <span class='ocrx_word' id='word_1_135' title='bbox 2119 1152 2188 1180; x_wconf 86' lang='lat' dir='ltr'><strong>ex·</strong></span> 
     </span>
     <span class='ocr_line' id='line_1_16' title="bbox 190 1208 2188 1262; baseline -0.001 -12"><span class='ocrx_word' id='word_1_136' title='bbox 190 1211 341 1262; x_wconf 91' lang='lat' dir='ltr'><strong>templo</strong></span> <span class='ocrx_word' id='word_1_137' title='bbox 371 1222 580 1249; x_wconf 84' lang='lat' dir='ltr'><strong>servorum</strong></span> <span class='ocrx_word' id='word_1_138' title='bbox 609 1209 960 1260; x_wconf 79' lang='lat' dir='ltr'><strong>gladiatorumque</strong></span> <span class='ocrx_word' id='word_1_139' title='bbox 988 1213 1179 1247; x_wconf 83' lang='lat' dir='ltr'><strong>catervae</strong></span> <span class='ocrx_word' id='word_1_140' title='bbox 1209 1208 1399 1247; x_wconf 89' lang='lat' dir='ltr'><strong>custodiis</strong></span> <span class='ocrx_word' id='word_1_141' title='bbox 1427 1208 1610 1247; x_wconf 83' lang='lat' dir='ltr'><strong>effractis</strong></span> <span class='ocrx_word' id='word_1_142' title='bbox 1637 1211 1688 1249; x_wconf 90' lang='lat' dir='ltr'><strong>ad</strong></span> <span class='ocrx_word' id='word_1_143' title='bbox 1706 1223 1796 1248; x_wconf 90' lang='lat' dir='ltr'><strong>eum</strong></span> <span class='ocrx_word' id='word_1_144' title='bbox 1824 1211 2103 1256; x_wconf 87' lang='lat' dir='ltr'><strong>accurrebant,</strong></span> <span class='ocrx_word' id='word_1_145' title='bbox 2124 1222 2188 1248; x_wconf 85' lang='lat' dir='ltr'><strong>eo-</strong></span> 
     </span>
     <span class='ocr_line' id='line_1_17' title="bbox 190 1278 2187 1335; baseline 0 -14"><span class='ocrx_word' id='word_1_146' title='bbox 190 1295 266 1335; x_wconf 85' lang='lat' dir='ltr'><strong>que</strong></span> <span class='ocrx_word' id='word_1_147' title='bbox 295 1280 473 1320; x_wconf 86' lang='lat' dir='ltr'><strong>alacrius</strong></span> <span class='ocrx_word' id='word_1_148' title='bbox 498 1281 640 1319; x_wconf 87' lang='lat' dir='ltr'><strong>ducem</strong></span> <span class='ocrx_word' id='word_1_149' title='bbox 670 1279 962 1330; x_wconf 82' lang='lat' dir='ltr'><strong>agnoscebant,</strong></span> <span class='ocrx_word' id='word_1_150' title='bbox 985 1280 1100 1330; x_wconf 32' lang='lat' dir='ltr'><strong>quod&lt;</strong></span> <span class='ocrx_word' id='word_1_151' title='bbox 1121 1283 1361 1331; x_wconf 89' lang='lat' dir='ltr'><strong>compertum</strong></span> <span class='ocrx_word' id='word_1_152' title='bbox 1387 1278 1604 1330; x_wconf 84' lang='lat' dir='ltr'><strong>habebant,</strong></span> <span class='ocrx_word' id='word_1_153' title='bbox 1634 1279 1745 1320; x_wconf 88' lang='lat' dir='ltr'><strong>illum</strong></span> <span class='ocrx_word' id='word_1_154' title='bbox 1770 1281 1990 1328; x_wconf 85' lang='lat' dir='ltr'><strong>communis</strong></span> <span class='ocrx_word' id='word_1_155' title='bbox 2011 1282 2187 1333; x_wconf 79' lang='lat' dir='ltr'><strong>praedae</strong></span> 
     </span>
     <span class='ocr_line' id='line_1_18' title="bbox 194 1350 2188 1404; baseline -0.001 -11"><span class='ocrx_word' id='word_1_156' title='bbox 194 1354 326 1393; x_wconf 92' lang='lat' dir='ltr'><strong>solum</strong></span> <span class='ocrx_word' id='word_1_157' title='bbox 349 1356 556 1404; x_wconf 85' lang='lat' dir='ltr'><strong>expertem</strong></span> <span class='ocrx_word' id='word_1_158' title='bbox 582 1351 667 1389; x_wconf 88' lang='lat' dir='ltr'><strong>suis</strong></span> <span class='ocrx_word' id='word_1_159' title='bbox 696 1350 878 1390; x_wconf 86' lang='lat' dir='ltr'><strong>colendis</strong></span> <span class='ocrx_word' id='word_1_160' title='bbox 903 1351 1188 1402; x_wconf 85' lang='lat' dir='ltr'><strong>armandisque</strong></span> <span class='ocrx_word' id='word_1_161' title='bbox 1216 1350 1344 1390; x_wconf 84' lang='lat' dir='ltr'><strong>omnia</strong></span> <span class='ocrx_word' id='word_1_162' title='bbox 1368 1351 1610 1403; x_wconf 87' lang='lat' dir='ltr'><strong>impendere.</strong></span> <span class='ocrx_word' id='word_1_163' title='bbox 1643 1351 1681 1402; x_wconf 77' lang='lat'><strong>²)</strong></span> <span class='ocrx_word' id='word_1_164' title='bbox 1730 1351 1817 1391; x_wconf 90' lang='lat' dir='ltr'><strong>Nec</strong></span> <span class='ocrx_word' id='word_1_165' title='bbox 1836 1354 1926 1402; x_wconf 86' lang='lat' dir='ltr'><strong>jam</strong></span> <span class='ocrx_word' id='word_1_166' title='bbox 1950 1353 2117 1392; x_wconf 82' lang='lat' dir='ltr'><strong>deerant</strong></span> <span class='ocrx_word' id='word_1_167' title='bbox 2144 1353 2188 1391; x_wconf 88' lang='lat' dir='ltr'><strong>li-</strong></span> 
     </span>
     <span class='ocr_line' id='line_1_19' title="bbox 189 1421 2187 1474; baseline -0.001 -10"><span class='ocrx_word' id='word_1_168' title='bbox 189 1425 274 1464; x_wconf 90' lang='lat' dir='ltr'><strong>beri</strong></span> <span class='ocrx_word' id='word_1_169' title='bbox 302 1424 494 1472; x_wconf 89' lang='lat' dir='ltr'><strong>homines,</strong></span> <span class='ocrx_word' id='word_1_170' title='bbox 522 1423 589 1474; x_wconf 92' lang='lat' dir='ltr'><strong>qui</strong></span> <span class='ocrx_word' id='word_1_171' title='bbox 621 1421 824 1461; x_wconf 88' lang='lat' dir='ltr'><strong>fortunam</strong></span> <span class='ocrx_word' id='word_1_172' title='bbox 853 1423 944 1471; x_wconf 84' lang='lat' dir='ltr'><strong>ejus</strong></span> <span class='ocrx_word' id='word_1_173' title='bbox 979 1422 1236 1473; x_wconf 85' lang='lat' dir='ltr'><strong>cupidissime</strong></span> <span class='ocrx_word' id='word_1_174' title='bbox 1274 1422 1618 1473; x_wconf 84' lang='lat' dir='ltr'><strong>amplecterentur.</strong></span> <span class='ocrx_word' id='word_1_175' title='bbox 1654 1423 1692 1473; x_wconf 86' lang='lat'><strong>³)</strong></span> <span class='ocrx_word' id='word_1_176' title='bbox 1742 1423 1873 1468; x_wconf 78' lang='lat' dir='ltr'><strong>Quum</strong></span> <span class='ocrx_word' id='word_1_177' title='bbox 1908 1423 2010 1464; x_wconf 89' lang='lat' dir='ltr'><strong>enim</strong></span> <span class='ocrx_word' id='word_1_178' title='bbox 2041 1424 2187 1464; x_wconf 81' lang='lat' dir='ltr'><strong>divites</strong></span> 
     </span>
     <span class='ocr_line' id='line_1_20' title="bbox 189 1492 2186 1549; baseline -0.001 -13"><span class='ocrx_word' id='word_1_179' title='bbox 189 1511 261 1549; x_wconf 84' lang='lat' dir='ltr'><strong>per</strong></span> <span class='ocrx_word' id='word_1_180' title='bbox 283 1509 426 1536; x_wconf 86' lang='lat' dir='ltr'><strong>servos</strong></span> <span class='ocrx_word' id='word_1_181' title='bbox 455 1495 589 1534; x_wconf 89' lang='lat' dir='ltr'><strong>omnia</strong></span> <span class='ocrx_word' id='word_1_182' title='bbox 614 1493 683 1532; x_wconf 90' lang='lat' dir='ltr'><strong>illa</strong></span> <span class='ocrx_word' id='word_1_183' title='bbox 709 1492 955 1545; x_wconf 86' lang='lat' dir='ltr'><strong>perficienda</strong></span> <span class='ocrx_word' id='word_1_184' title='bbox 981 1498 1182 1543; x_wconf 84' lang='lat' dir='ltr'><strong>curarent,</strong></span> <span class='ocrx_word' id='word_1_185' title='bbox 1209 1506 1308 1545; x_wconf 88' lang='lat' dir='ltr'><strong>quae</strong></span> <span class='ocrx_word' id='word_1_186' title='bbox 1333 1499 1456 1533; x_wconf 86' lang='lat' dir='ltr'><strong>antea</strong></span> <span class='ocrx_word' id='word_1_187' title='bbox 1485 1508 1511 1532; x_wconf 90' lang='lat' dir='ltr'><strong>a</strong></span> <span class='ocrx_word' id='word_1_188' title='bbox 1544 1494 1680 1534; x_wconf 89' lang='lat' dir='ltr'><strong>liberis</strong></span> <span class='ocrx_word' id='word_1_189' title='bbox 1714 1495 1915 1544; x_wconf 74' lang='lat' dir='ltr'><strong>confecta,</strong></span> <span class='ocrx_word' id='word_1_190' title='bbox 1949 1495 2099 1535; x_wconf 82' lang='lat' dir='ltr'><strong>victum</strong></span> <span class='ocrx_word' id='word_1_191' title='bbox 2137 1495 2186 1535; x_wconf 88' lang='lat' dir='ltr'><strong>iis</strong></span> 
     </span>
     <span class='ocr_line' id='line_1_21' title="bbox 188 1564 2184 1619; baseline -0.001 -11"><span class='ocrx_word' id='word_1_192' title='bbox 188 1568 305 1608; x_wconf 89' lang='lat' dir='ltr'><strong>simul</strong></span> <span class='ocrx_word' id='word_1_193' title='bbox 331 1580 420 1608; x_wconf 90' lang='lat' dir='ltr'><strong>cum</strong></span> <span class='ocrx_word' id='word_1_194' title='bbox 451 1566 589 1607; x_wconf 90' lang='lat' dir='ltr'><strong>labore</strong></span> <span class='ocrx_word' id='word_1_195' title='bbox 617 1564 915 1617; x_wconf 87' lang='lat' dir='ltr'><strong>praebuissent,</strong></span> <span class='ocrx_word' id='word_1_196' title='bbox 942 1578 1071 1617; x_wconf 88' lang='lat' dir='ltr'><strong>eoque</strong></span> <span class='ocrx_word' id='word_1_197' title='bbox 1104 1566 1235 1618; x_wconf 83' lang='lat' dir='ltr'><strong>magis</strong></span> <span class='ocrx_word' id='word_1_198' title='bbox 1268 1579 1405 1606; x_wconf 86' lang='lat' dir='ltr'><strong>servos</strong></span> <span class='ocrx_word' id='word_1_199' title='bbox 1434 1566 1617 1618; x_wconf 76' lang='lat' dir='ltr'><strong>ingenuis</strong></span> <span class='ocrx_word' id='word_1_200' title='bbox 1646 1571 1892 1619; x_wconf 79' lang='lat' dir='ltr'><strong>anteponere</strong></span> <span class='ocrx_word' id='word_1_201' title='bbox 1926 1566 2184 1617; x_wconf 84' lang='lat' dir='ltr'><strong>illicerentur,</strong></span> 
     </span>
     <span class='ocr_line' id='line_1_22' title="bbox 190 1636 2187 1693; baseline -0.001 -14"><span class='ocrx_word' id='word_1_202' title='bbox 190 1641 294 1693; x_wconf 90' lang='lat' dir='ltr'><strong>quod</strong></span> <span class='ocrx_word' id='word_1_203' title='bbox 326 1638 432 1679; x_wconf 89' lang='lat' dir='ltr'><strong>servi</strong></span> <span class='ocrx_word' id='word_1_204' title='bbox 459 1639 513 1677; x_wconf 87' lang='lat' dir='ltr'><strong>ad</strong></span> <span class='ocrx_word' id='word_1_205' title='bbox 539 1637 740 1689; x_wconf 87' lang='lat' dir='ltr'><strong>stipendia</strong></span> <span class='ocrx_word' id='word_1_206' title='bbox 767 1638 958 1676; x_wconf 89' lang='lat' dir='ltr'><strong>merenda</strong></span> <span class='ocrx_word' id='word_1_207' title='bbox 985 1648 1186 1688; x_wconf 89' lang='lat' dir='ltr'><strong>nunquam</strong></span> <span class='ocrx_word' id='word_1_208' title='bbox 1211 1637 1517 1689; x_wconf 84' lang='lat' dir='ltr'><strong>requirerentur,</strong></span> <span class='ocrx_word' id='word_1_209' title='bbox 1547 1641 1587 1677; x_wconf 90' lang='lat' dir='ltr'><strong>et</strong></span> <span class='ocrx_word' id='word_1_210' title='bbox 1614 1641 1829 1690; x_wconf 83' lang='lat' dir='ltr'><strong>praeterea</strong></span> <span class='ocrx_word' id='word_1_211' title='bbox 1851 1636 2097 1681; x_wconf 82' lang='lat' dir='ltr'><strong>fecunditate</strong></span> <span class='ocrx_word' id='word_1_212' title='bbox 2117 1651 2187 1678; x_wconf 84' lang='lat' dir='ltr'><strong>no-</strong></span> 
     </span>
     <span class='ocr_line' id='line_1_23' title="bbox 188 1695 2185 1762; baseline -0.001 -11"><span class='ocrx_word' id='word_1_213' title='bbox 188 1726 263 1751; x_wconf 85' lang='lat' dir='ltr'><strong>vas</strong></span> <span class='ocrx_word' id='word_1_214' title='bbox 289 1711 574 1762; x_wconf 88' lang='lat' dir='ltr'><strong>pollicerentur</strong></span> <span class='ocrx_word' id='word_1_215' title='bbox 599 1709 784 1758; x_wconf 82' lang='lat' dir='ltr'><strong>divitias3</strong></span> <span class='ocrx_word' id='word_1_216' title='bbox 814 1708 903 1759; x_wconf 88' lang='lat' dir='ltr'><strong>quis</strong></span> <span class='ocrx_word' id='word_1_217' title='bbox 927 1714 991 1748; x_wconf 90' lang='lat' dir='ltr'><strong>est</strong></span> <span class='ocrx_word' id='word_1_218' title='bbox 1007 1709 1073 1760; x_wconf 88' lang='lat' dir='ltr'><strong>qui</strong></span> <span class='ocrx_word' id='word_1_219' title='bbox 1100 1721 1178 1747; x_wconf 92' lang='lat' dir='ltr'><strong>non</strong></span> <span class='ocrx_word' id='word_1_220' title='bbox 1206 1709 1349 1760; x_wconf 85' lang='lat' dir='ltr'><strong>videat,</strong></span> <span class='ocrx_word' id='word_1_221' title='bbox 1374 1709 1443 1747; x_wconf 92' lang='lat' dir='ltr'><strong>illa</strong></span> <span class='ocrx_word' id='word_1_222' title='bbox 1460 1722 1668 1749; x_wconf 78' lang='lat' dir='ltr'><strong>servorum</strong></span> <span class='ocrx_word' id='word_1_223' title='bbox 1686 1710 2006 1761; x_wconf 84' lang='lat' dir='ltr'><strong>occupandorum</strong></span> <span class='ocrx_word' id='word_1_224' title='bbox 2024 1695 2185 1749; x_wconf 32' lang='lat' dir='ltr'><strong>&#39;ratione</strong></span> 
     </span>
     <span class='ocr_line' id='line_1_24' title="bbox 187 1779 2185 1835; baseline -0.001 -14"><span class='ocrx_word' id='word_1_225' title='bbox 187 1794 403 1835; x_wconf 73' lang='lat' dir='ltr'><strong>paupereS,</strong></span> <span class='ocrx_word' id='word_1_226' title='bbox 444 1794 523 1832; x_wconf 91' lang='lat' dir='ltr'><strong>quo</strong></span> <span class='ocrx_word' id='word_1_227' title='bbox 549 1780 680 1819; x_wconf 88' lang='lat' dir='ltr'><strong>minus</strong></span> <span class='ocrx_word' id='word_1_228' title='bbox 713 1791 899 1818; x_wconf 88' lang='lat' dir='ltr'><strong>manuum</strong></span> <span class='ocrx_word' id='word_1_229' title='bbox 927 1781 1115 1833; x_wconf 79' lang='lat' dir='ltr'><strong>mercede</strong></span> <span class='ocrx_word' id='word_1_230' title='bbox 1141 1780 1311 1831; x_wconf 90' lang='lat' dir='ltr'><strong>inopiam</strong></span> <span class='ocrx_word' id='word_1_231' title='bbox 1338 1780 1571 1829; x_wconf 84' lang='lat' dir='ltr'><strong>tolerarent,</strong></span> <span class='ocrx_word' id='word_1_232' title='bbox 1605 1780 1763 1824; x_wconf 83' lang='lat' dir='ltr'><strong>omnino</strong></span> <span class='ocrx_word' id='word_1_233' title='bbox 1790 1779 1918 1826; x_wconf 72' lang='lat' dir='ltr'><strong>fuisse</strong></span> <span class='ocrx_word' id='word_1_234' title='bbox 1946 1780 2185 1832; x_wconf 58' lang='lat' dir='ltr'><strong>impeditos‘l,</strong></span> 
     </span>
     <span class='ocr_line' id='line_1_25' title="bbox 189 1849 2186 1904; baseline -0.001 -12"><span class='ocrx_word' id='word_1_235' title='bbox 189 1853 253 1892; x_wconf 84' lang='lat' dir='ltr'><strong>Ad</strong></span> <span class='ocrx_word' id='word_1_236' title='bbox 280 1853 446 1892; x_wconf 89' lang='lat' dir='ltr'><strong>eandem</strong></span> <span class='ocrx_word' id='word_1_237' title='bbox 470 1851 673 1890; x_wconf 88' lang='lat' dir='ltr'><strong>miseriam</strong></span> <span class='ocrx_word' id='word_1_238' title='bbox 702 1849 768 1894; x_wconf 81' lang='lat' dir='ltr'><strong>alii</strong></span> <span class='ocrx_word' id='word_1_239' title='bbox 794 1850 914 1889; x_wconf 85' lang='lat' dir='ltr'><strong>etiam</strong></span> <span class='ocrx_word' id='word_1_240' title='bbox 944 1850 1110 1891; x_wconf 86' lang='lat' dir='ltr'><strong>divitum</strong></span> <span class='ocrx_word' id='word_1_241' title='bbox 1135 1850 1341 1902; x_wconf 84' lang='lat' dir='ltr'><strong>iniquitate</strong></span> <span class='ocrx_word' id='word_1_242' title='bbox 1365 1856 1487 1904; x_wconf 89' lang='lat' dir='ltr'><strong>atque</strong></span> <span class='ocrx_word' id='word_1_243' title='bbox 1514 1850 1764 1890; x_wconf 82' lang='lat' dir='ltr'><strong>immanitate</strong></span> <span class='ocrx_word' id='word_1_244' title='bbox 1790 1855 1908 1891; x_wconf 88' lang='lat' dir='ltr'><strong>erant</strong></span> <span class='ocrx_word' id='word_1_245' title='bbox 1934 1851 2112 1898; x_wconf 78' lang='lat' dir='ltr'><strong>redacti3</strong></span> <span class='ocrx_word' id='word_1_246' title='bbox 2140 1854 2186 1897; x_wconf 78' lang='lat' dir='ltr'><strong>ut</strong></span> 
     </span>
     <span class='ocr_line' id='line_1_26' title="bbox 189 1921 2186 1975; baseline -0.001 -12"><span class='ocrx_word' id='word_1_247' title='bbox 189 1924 305 1971; x_wconf 76' lang='lat' dir='ltr'><strong>enim¹</strong></span> <span class='ocrx_word' id='word_1_248' title='bbox 327 1924 588 1962; x_wconf 87' lang='lat' dir='ltr'><strong>adauctorum</strong></span> <span class='ocrx_word' id='word_1_249' title='bbox 622 1921 661 1958; x_wconf 92' lang='lat' dir='ltr'><strong>in</strong></span> <span class='ocrx_word' id='word_1_250' title='bbox 693 1921 781 1960; x_wconf 87' lang='lat' dir='ltr'><strong>dies</strong></span> <span class='ocrx_word' id='word_1_251' title='bbox 809 1935 1022 1963; x_wconf 88' lang='lat' dir='ltr'><strong>servorum</strong></span> <span class='ocrx_word' id='word_1_252' title='bbox 1041 1922 1222 1975; x_wconf 83' lang='lat' dir='ltr'><strong>manibus</strong></span> <span class='ocrx_word' id='word_1_253' title='bbox 1250 1923 1419 1961; x_wconf 85' lang='lat' dir='ltr'><strong>maximo</strong></span> <span class='ocrx_word' id='word_1_254' title='bbox 1448 1935 1538 1964; x_wconf 89' lang='lat' dir='ltr'><strong>cum</strong></span> <span class='ocrx_word' id='word_1_255' title='bbox 1563 1922 1698 1962; x_wconf 89' lang='lat' dir='ltr'><strong>fructu</strong></span> <span class='ocrx_word' id='word_1_256' title='bbox 1724 1926 1944 1973; x_wconf 75' lang='lat' dir='ltr'><strong>uterentur,</strong></span> <span class='ocrx_word' id='word_1_257' title='bbox 1972 1926 2103 1961; x_wconf 79' lang='lat' dir='ltr'><strong>terras</strong></span> <span class='ocrx_word' id='word_1_258' title='bbox 2131 1921 2186 1961; x_wconf 88' lang='lat' dir='ltr'><strong>in·</strong></span> 
     </span>
     <span class='ocr_line' id='line_1_27' title="bbox 186 1992 2186 2049; baseline -0.001 -15"><span class='ocrx_word' id='word_1_259' title='bbox 186 2000 333 2047; x_wconf 84' lang='lat' dir='ltr'><strong>gentes</strong></span> <span class='ocrx_word' id='word_1_260' title='bbox 365 1993 614 2042; x_wconf 70' lang='lat' dir='ltr'><strong>coemebant,</strong></span> <span class='ocrx_word' id='word_1_261' title='bbox 650 2005 931 2045; x_wconf 82' lang='lat' dir='ltr'><strong>pauperesque</strong></span> <span class='ocrx_word' id='word_1_262' title='bbox 953 1993 1122 2040; x_wconf 87' lang='lat' dir='ltr'><strong>vicinos,</strong></span> <span class='ocrx_word' id='word_1_263' title='bbox 1149 2006 1311 2045; x_wconf 83' lang='lat' dir='ltr'><strong>quorum</strong></span> <span class='ocrx_word' id='word_1_264' title='bbox 1343 2007 1467 2045; x_wconf 83' lang='lat' dir='ltr'><strong>agros</strong></span> <span class='ocrx_word' id='word_1_265' title='bbox 1493 1994 1853 2049; x_wconf 55' lang='lat' dir='ltr'><strong>concupiscerem„</strong></span> <span class='ocrx_word' id='word_1_266' title='bbox 1873 1998 1952 2039; x_wconf 82' lang='lat' dir='ltr'><strong>aut,</strong></span> <span class='ocrx_word' id='word_1_267' title='bbox 1969 1993 2035 2044; x_wconf 75' lang='lat' dir='ltr'><strong>qui</strong></span> <span class='ocrx_word' id='word_1_268' title='bbox 2064 1992 2186 2032; x_wconf 86' lang='lat' dir='ltr'><strong>mole-</strong></span> 
     </span>
     <span class='ocr_line' id='line_1_28' title="bbox 187 2063 2185 2119; baseline 0.001 -13"><span class='ocrx_word' id='word_1_269' title='bbox 187 2066 333 2106; x_wconf 87' lang='lat' dir='ltr'><strong>stiores</strong></span> <span class='ocrx_word' id='word_1_270' title='bbox 360 2063 435 2105; x_wconf 81' lang='lat' dir='ltr'><strong>visi</strong></span> <span class='ocrx_word' id='word_1_271' title='bbox 463 2067 614 2110; x_wconf 83' lang='lat' dir='ltr'><strong>essent,</strong></span> <span class='ocrx_word' id='word_1_272' title='bbox 643 2063 681 2103; x_wconf 91' lang='lat' dir='ltr'><strong>vi</strong></span> <span class='ocrx_word' id='word_1_273' title='bbox 708 2063 859 2113; x_wconf 84' lang='lat' dir='ltr'><strong>laribus</strong></span> <span class='ocrx_word' id='word_1_274' title='bbox 884 2064 1154 2118; x_wconf 86' lang='lat' dir='ltr'><strong>expellebant.</strong></span> <span class='ocrx_word' id='word_1_275' title='bbox 1217 2063 1364 2116; x_wconf 83' lang='lat' dir='ltr'><strong>Omnes</strong></span> <span class='ocrx_word' id='word_1_276' title='bbox 1398 2064 1456 2104; x_wconf 89' lang='lat' dir='ltr'><strong>illi</strong></span> <span class='ocrx_word' id='word_1_277' title='bbox 1483 2064 1680 2117; x_wconf 81' lang='lat' dir='ltr'><strong>homines,</strong></span> <span class='ocrx_word' id='word_1_278' title='bbox 1711 2064 1855 2119; x_wconf 77' lang='lat' dir='ltr'><strong>quibus¹</strong></span> <span class='ocrx_word' id='word_1_279' title='bbox 1881 2063 1978 2105; x_wconf 89' lang='lat' dir='ltr'><strong>nihil</strong></span> <span class='ocrx_word' id='word_1_280' title='bbox 2002 2064 2185 2107; x_wconf 86' lang='lat' dir='ltr'><strong>relictum</strong></span> 
     </span>
     <span class='ocr_line' id='line_1_29' title="bbox 187 2136 2184 2189; baseline -0.002 -10"><span class='ocrx_word' id='word_1_281' title='bbox 187 2141 264 2179; x_wconf 85' lang='lat' dir='ltr'><strong>nisi</strong></span> <span class='ocrx_word' id='word_1_282' title='bbox 292 2152 363 2177; x_wconf 86' lang='lat' dir='ltr'><strong>aer</strong></span> <span class='ocrx_word' id='word_1_283' title='bbox 388 2142 429 2182; x_wconf 86' lang='lat' dir='ltr'><strong>et</strong></span> <span class='ocrx_word' id='word_1_284' title='bbox 458 2137 538 2180; x_wconf 86' lang='lat' dir='ltr'><strong>lux,</strong></span> <span class='ocrx_word' id='word_1_285' title='bbox 564 2136 676 2175; x_wconf 88' lang='lat' dir='ltr'><strong>firmo</strong></span> <span class='ocrx_word' id='word_1_286' title='bbox 702 2137 806 2175; x_wconf 87' lang='lat' dir='ltr'><strong>adeo</strong></span> <span class='ocrx_word' id='word_1_287' title='bbox 836 2150 886 2175; x_wconf 89' lang='lat' dir='ltr'><strong>ac</strong></span> <span class='ocrx_word' id='word_1_288' title='bbox 913 2143 1000 2176; x_wconf 91' lang='lat' dir='ltr'><strong>tuto</strong></span> <span class='ocrx_word' id='word_1_289' title='bbox 1030 2139 1161 2188; x_wconf 84' lang='lat' dir='ltr'><strong>cubili,</strong></span> <span class='ocrx_word' id='word_1_290' title='bbox 1202 2138 1305 2188; x_wconf 89' lang='lat' dir='ltr'><strong>quod</strong></span> <span class='ocrx_word' id='word_1_291' title='bbox 1338 2150 1387 2175; x_wconf 90' lang='lat' dir='ltr'><strong>ne</strong></span> <span class='ocrx_word' id='word_1_292' title='bbox 1425 2138 1563 2177; x_wconf 90' lang='lat' dir='ltr'><strong>bestiis</strong></span> <span class='ocrx_word' id='word_1_293' title='bbox 1596 2137 1754 2188; x_wconf 87' lang='lat' dir='ltr'><strong>quidem</strong></span> <span class='ocrx_word' id='word_1_294' title='bbox 1774 2140 2037 2184; x_wconf 72' lang='lat' dir='ltr'><strong>¹recusatum,</strong></span> <span class='ocrx_word' id='word_1_295' title='bbox 2066 2149 2184 2189; x_wconf 80' lang='lat' dir='ltr'><strong>egen-</strong></span> 
     </span>
     <span class='ocr_line' id='line_1_30' title="bbox 187 2207 2184 2263; baseline -0.001 -12"><span class='ocrx_word' id='word_1_296' title='bbox 187 2216 265 2257; x_wconf 85' lang='lat' dir='ltr'><strong>tes,</strong></span> <span class='ocrx_word' id='word_1_297' title='bbox 288 2223 340 2250; x_wconf 87' lang='lat' dir='ltr'><strong>ne</strong></span> <span class='ocrx_word' id='word_1_298' title='bbox 365 2208 473 2249; x_wconf 87' lang='lat' dir='ltr'><strong>fame</strong></span> <span class='ocrx_word' id='word_1_299' title='bbox 503 2207 691 2261; x_wconf 85' lang='lat' dir='ltr'><strong>perirent,</strong></span> <span class='ocrx_word' id='word_1_300' title='bbox 719 2208 770 2247; x_wconf 88' lang='lat' dir='ltr'><strong>ad</strong></span> <span class='ocrx_word' id='word_1_301' title='bbox 798 2207 907 2250; x_wconf 86' lang='lat' dir='ltr'><strong>furta</strong></span> <span class='ocrx_word' id='word_1_302' title='bbox 942 2208 1234 2263; x_wconf 88' lang='lat' dir='ltr'><strong>latrociniaque</strong></span> <span class='ocrx_word' id='word_1_303' title='bbox 1270 2222 1315 2249; x_wconf 88' lang='lat' dir='ltr'><strong>se</strong></span> <span class='ocrx_word' id='word_1_304' title='bbox 1346 2214 1584 2252; x_wconf 84' lang='lat' dir='ltr'><strong>convertere</strong></span> <span class='ocrx_word' id='word_1_305' title='bbox 1619 2208 1871 2261; x_wconf 76' lang='lat' dir='ltr'><strong>iniquissima.</strong></span> <span class='ocrx_word' id='word_1_306' title='bbox 1906 2208 2015 2253; x_wconf 78' lang='lat' dir='ltr'><strong>vitae</strong></span> <span class='ocrx_word' id='word_1_307' title='bbox 2051 2209 2184 2249; x_wconf 89' lang='lat' dir='ltr'><strong>condi·</strong></span> 
     </span>
     <span class='ocr_line' id='line_1_31' title="bbox 185 2279 681 2334; baseline -0.012 -10"><span class='ocrx_word' id='word_1_308' title='bbox 185 2285 294 2326; x_wconf 90' lang='lat' dir='ltr'><strong>tione</strong></span> <span class='ocrx_word' id='word_1_309' title='bbox 327 2283 364 2334; x_wconf 79' lang='lat'><strong>⁴)</strong></span> <span class='ocrx_word' id='word_1_310' title='bbox 390 2284 509 2321; x_wconf 86' lang='lat' dir='ltr'><strong>erant</strong></span> <span class='ocrx_word' id='word_1_311' title='bbox 533 2279 681 2320; x_wconf 90' lang='lat' dir='ltr'><strong>coacti.</strong></span> 
     </span>
    </p>
   </div>
   <div class='ocr_carea' id='block_1_5' title="bbox 185 2409 436 2423">
    <p class='ocr_par' dir='ltr' id='par_1_6' title="bbox 185 2409 436 2423">
     <span class='ocr_line' id='line_1_32' title="bbox 185 2409 436 2423; baseline 0 801"><span class='ocrx_word' id='word_1_312' title='bbox 185 2409 436 2423; x_wconf 95' lang='lat' dir='ltr'><strong> </strong></span> 
     </span>
    </p>
   </div>
   <div class='ocr_carea' id='block_1_6' title="bbox 313 2501 2120 2733">
    <p class='ocr_par' dir='ltr' id='par_1_7' title="bbox 313 2501 2120 2610">
     <span class='ocr_line' id='line_1_33' title="bbox 320 2501 2120 2547; baseline 0 -10"><span class='ocrx_word' id='word_1_313' title='bbox 320 2506 355 2547; x_wconf 85' lang='lat'><strong>¹)</strong></span> <span class='ocrx_word' id='word_1_314' title='bbox 377 2503 461 2537; x_wconf 82' lang='lat' dir='ltr'><strong>Plut.</strong></span> <span class='ocrx_word' id='word_1_315' title='bbox 487 2502 599 2535; x_wconf 84' lang='lat' dir='ltr'><strong>Crass.</strong></span> <span class='ocrx_word' id='word_1_316' title='bbox 624 2502 739 2544; x_wconf 84' lang='lat' dir='ltr'><strong>vm.;</strong></span> <span class='ocrx_word' id='word_1_317' title='bbox 764 2502 905 2546; x_wconf 80' lang='lat' dir='ltr'><strong>Appian.</strong></span> <span class='ocrx_word' id='word_1_318' title='bbox 931 2504 1007 2539; x_wconf 73' lang='lat' dir='ltr'><strong>boll.</strong></span> <span class='ocrx_word' id='word_1_319' title='bbox 1031 2504 1095 2539; x_wconf 82' lang='lat' dir='ltr'><strong>civ.</strong></span> <span class='ocrx_word' id='word_1_320' title='bbox 1120 2503 1147 2543; x_wconf 87' lang='lat'><strong>1,</strong></span> <span class='ocrx_word' id='word_1_321' title='bbox 1167 2502 1253 2542; x_wconf 69' lang='lat'><strong>423„</strong></span> <span class='ocrx_word' id='word_1_322' title='bbox 1274 2502 1395 2536; x_wconf 81' lang='lat' dir='ltr'><strong>Athen.</strong></span> <span class='ocrx_word' id='word_1_323' title='bbox 1418 2503 1460 2537; x_wconf 85' lang='lat' dir='ltr'><strong>V.</strong></span> <span class='ocrx_word' id='word_1_324' title='bbox 1488 2503 1560 2537; x_wconf 76' lang='lat'><strong>104.</strong></span> <span class='ocrx_word' id='word_1_325' title='bbox 1578 2502 1677 2537; x_wconf 81' lang='lat' dir='ltr'><strong>Flor.·</strong></span> <span class='ocrx_word' id='word_1_326' title='bbox 1697 2501 1757 2542; x_wconf 81' lang='lat' dir='ltr'><strong>lu,</strong></span> <span class='ocrx_word' id='word_1_327' title='bbox 1783 2502 1835 2535; x_wconf 69' lang='lat' dir='ltr'><strong>m.</strong></span> <span class='ocrx_word' id='word_1_328' title='bbox 1856 2501 1978 2544; x_wconf 81' lang='lat' dir='ltr'><strong>Vellej.</strong></span> <span class='ocrx_word' id='word_1_329' title='bbox 2001 2502 2044 2544; x_wconf 90' lang='lat'><strong>11,</strong></span> <span class='ocrx_word' id='word_1_330' title='bbox 2068 2503 2120 2537; x_wconf 80' lang='lat'><strong>³0.</strong></span> 
     </span>
     <span class='ocr_line' id='line_1_34' title="bbox 313 2564 1499 2610; baseline -0.001 -12"><span class='ocrx_word' id='word_1_331' title='bbox 313 2569 350 2610; x_wconf 70' lang='grc'><strong>2)</strong></span> <span class='ocrx_word' id='word_1_332' title='bbox 371 2566 456 2598; x_wconf 85' lang='lat' dir='ltr'><strong>Plut.</strong></span> <span class='ocrx_word' id='word_1_333' title='bbox 477 2564 591 2597; x_wconf 85' lang='lat' dir='ltr'><strong>Crass.</strong></span> <span class='ocrx_word' id='word_1_334' title='bbox 612 2566 642 2598; x_wconf 87' lang='grc'><strong>9.</strong></span> <span class='ocrx_word' id='word_1_335' title='bbox 666 2567 819 2599; x_wconf 82' lang='lat' dir='ltr'><strong>Frontin.</strong></span> <span class='ocrx_word' id='word_1_336' title='bbox 850 2565 876 2606; x_wconf 90' lang='lat'><strong>1,</strong></span> <span class='ocrx_word' id='word_1_337' title='bbox 902 2565 934 2606; x_wconf 89' lang='lat'><strong>5,</strong></span> <span class='ocrx_word' id='word_1_338' title='bbox 957 2566 1008 2599; x_wconf 77' lang='lat'><strong>21.</strong></span> <span class='ocrx_word' id='word_1_339' title='bbox 1029 2566 1171 2608; x_wconf 81' lang='lat' dir='ltr'><strong>Appiau.</strong></span> <span class='ocrx_word' id='word_1_340' title='bbox 1198 2564 1275 2598; x_wconf 85' lang='lat' dir='ltr'><strong>bell.</strong></span> <span class='ocrx_word' id='word_1_341' title='bbox 1294 2565 1358 2597; x_wconf 89' lang='lat' dir='ltr'><strong>civ.</strong></span> <span class='ocrx_word' id='word_1_342' title='bbox 1380 2565 1406 2605; x_wconf 91' lang='lat'><strong>1,</strong></span> <span class='ocrx_word' id='word_1_343' title='bbox 1427 2566 1499 2598; x_wconf 76' lang='lat'>421.</span> 
     </span>
    </p>

    <p class='ocr_par' dir='ltr' id='par_1_8' title="bbox 314 2620 561 2671">
     <span class='ocr_line' id='line_1_35' title="bbox 314 2620 561 2671; baseline -0.008 -11"><span class='ocrx_word' id='word_1_344' title='bbox 314 2630 351 2671; x_wconf 68' lang='grc' dir='ltr'><strong>ε)</strong></span> <span class='ocrx_word' id='word_1_345' title='bbox 375 2620 459 2669; x_wconf 74' lang='lat' dir='ltr'><strong>A‘pp.</strong></span> <span class='ocrx_word' id='word_1_346' title='bbox 483 2627 561 2659; x_wconf 82' lang='lat' dir='ltr'><strong>ibid.</strong></span> 
     </span>
    </p>

    <p class='ocr_par' dir='ltr' id='par_1_9' title="bbox 315 2686 788 2733">
     <span class='ocr_line' id='line_1_36' title="bbox 315 2686 788 2733; baseline 0 -11"><span class='ocrx_word' id='word_1_347' title='bbox 315 2691 352 2733; x_wconf 75' lang='lat'><strong>⁴)</strong></span> <span class='ocrx_word' id='word_1_348' title='bbox 374 2688 463 2722; x_wconf 73' lang='lat' dir='ltr'><strong>mut.</strong></span> <span class='ocrx_word' id='word_1_349' title='bbox 485 2687 563 2721; x_wconf 87' lang='lat' dir='ltr'><strong>Tib.</strong></span> <span class='ocrx_word' id='word_1_350' title='bbox 591 2686 736 2721; x_wconf 85' lang='lat' dir='ltr'><strong>Gracch.</strong></span> <span class='ocrx_word' id='word_1_351' title='bbox 757 2689 788 2722; x_wconf 84' lang='lat'><strong>8.</strong></span> 
     </span>
    </p>
   </div>
  </div>
 </body>
</html>
