2373 3224
2107 142 2170 196 13

368 280 532 320 Summo
559 277 681 332 igitur
705 277 849 316 ardore
874 274 926 313 ad
954 272 1193 324 Spartacum
1220 277 1408 323 tanquam
1436 274 1487 311 ad
1515 273 1752 324 injuriarum
1775 273 1943 313 ultorem
1969 276 2171 316 confluxe-

180 360 286 399 runt,
314 355 474 408 tandem
500 337 713 403 aliquando
739 353 898 397 tempus
917 348 1071 385 adesse
1101 344 1191 391 rati,
1227 351 1305 396 quo
1336 344 1479 383 divites
1517 346 1739 395 injustitiae
1774 351 1814 386 et
1842 347 2043 398 nequitiae
2076 363 2170 400 poe·

178 440 253 466 nas
279 427 416 464 esseut
441 419 584 461 daturi.
640 418 702 458 Ex
730 415 873 457 vicinis
900 414 1129 467 provinciiS,
1155 428 1177 453 e
1204 413 1402 461 Lucania,
1427 426 1477 453 ex
1489 414 1651 468 Apulia,
1677 431 1700 458 e
1724 416 1955 467 Marsorum
1985 423 2026 457 et
2054 418 2168 459 Sam-

179 494 316 535 nitium
342 493 485 533 finibus
512 503 591 530 non
618 474 830 541 pauciores
857 489 909 526 ad
939 488 1179 538 Spartacum
1215 499 1260 525 se
1288 497 1609 536 congregavere3
1644 501 1720 539 quo
1748 489 1879 527 minor
1906 489 2010 528 enim
2046 490 2084 527 in
2118 491 2165 529 iis

182 580 387 607 servorum
412 576 615 610 numerus,
644 574 693 599 eo
723 558 929 599 acerbiore
957 558 1047 598 odio
1073 556 1242 609 incolae,
1273 555 1415 609 quibus
1441 556 1532 597 belli
1562 557 1723 598 socialis
1747 561 1941 600 memoria
1966 560 2166 601 mentibus

178 640 352 681 nondum
382 634 599 679 exciderat,
630 631 670 670 in
698 631 902 671 Romanos
929 630 1174 677 ferebantur,
1204 635 1245 669 et
1270 640 1369 681 prae
1396 628 1569 668 caeteris
1605 628 1818 677 Samnites,
1854 645 1905 671 ex
1936 632 2168 672 recentibus

181 695 651 761 Syllaeerudelitatibus
685 703 816 746 adhuc
850 702 1299 755 sanguine..madentes‚
1334 700 1477 740 civium
1508 701 1687 749 caedes,
1706 703 1937 754 oppidorum
1971 704 2167 755 incendia,

179 794 307 834 agros
330 781 516 819 vastatos
545 776 816 828 Romanisque
840 773 1043 816 veteranis
1068 773 1171 812 dono
1196 775 1313 812 datos
1340 771 1476 811 ulcisci
1510 773 1844 814 exardescebant.
1898 774 2011 821 Quae
2046 790 2166 829 quum

180 856 239 894 ita
266 866 312 892 se
338 849 545 897 haberent,
578 847 834 899 fugitivorum
861 859 1050 887 numerus
1076 838 1128 883 ad
1155 844 1318 897 amplius
1347 845 1483 883 decem
1512 844 1620 884 milia
1649 845 1850 886 hominum
1887 845 1997 887 brevi
2032 861 2167 888 accre-

179 925 316 975 vits‘)
338 921 560 974 quinum„
584 918 953 971 Spartaco-contra
977 916 1158 969 legiones
1181 917 1383 954 Romanas
1410 915 1502 953 nihil
1529 915 1789 967 profuissent,
1815 918 1892 956 nisi
1921 920 1974 957 ad
2001 931 2073 957 eos
2106 931 2166 957 ar-

179 997 348 1037 mandos
376 992 687 1043 disciplinaeque
721 988 879 1041 legibus
907 986 1194 1029 submittendos
1222 986 1368 1039 ingenii
1396 986 1455 1026 vis
1482 987 1516 1026 ei
1543 988 1858 1040 suppeditasset,
1898 1003 2003 1042 quae
2027 995 2162 1029 tamen

180 1073 275 1107 tunc
302 1061 619 1117 splendidissime
653 1060 793 1111 eluxit.
817 1084 820 1107 2
853 1060 991 1110 Arma,
1023 1071 1127 1112 quae
1151 1059 1185 1097 in
1209 1056 1344 1104 Clodii·
1363 1059 1558 1108 praetoris
1587 1060 1734 1099 castris
1762 1060 1985 1111 invenerat,
2026 1066 2164 1101 tantae

179 1135 419 1187 multitudini
445 1132 630 1172 sufficere
658 1132 892 1189 nequibant3
930 1132 1070 1183 itaque>
1099 1134 1258 1182 repente
1286 1128 1471 1179 incautos
1507 1143 1628 1181 agros
1664 1132 1868 1181 invadere,
1900 1147 2014 1172 arma
2039 1139 2162 1185 atque

179 1191 304 1260 equos
330 1207 500 1257 undique
528 1204 718 1255 colligere
743 1217 838 1252 suos
859 1204 1003 1254 jussit,
1040 1206 1080 1240 et
1112 1215 1223 1252 quum
1257 1202 1430 1240 nondum
1458 1202 1621 1254 adfatim
1649 1217 1849 1243 armorum
1884 1206 2064 1254 adesset,
2094 1218 2162 1256 pa-

180 1279 357 1319 storibus
384 1290 406 1316 e
431 1273 639 1315 Lucaniae
666 1273 868 1329 montibus*
879 1272 1110 1329 degressis,
1146 1270 1434 1328 idquelaboris
1463 1284 1590 1326 genus
1621 1275 1671 1313 ad
1703 1288 1807 1314 vasa
1835 1275 2014 1326 agrestia
2042 1275 2161 1314 confi-

180 1350 322 1390 cienda
349 1346 503 1386 edoctis
532 1341 715 1397 imperat,
736 1349 787 1384 *ut
814 1348 930 1384 scuta
962 1344 1003 1400 in
1028 1343 1192 1383 formam
1224 1347 1389 1397 parmae
1426 1345 1620 1395 equestris
1649 1360 1671 1385 e
1699 1346 1908 1385 viminibus
1938 1351 2159 1396 necterent,

176 1424 440 1472 tegerentque
466 1431 514 1456 ea
541 1417 660 1455 coriis
687 1416 915 1455 recentibus
947 1415 1088 1467 pecori
1114 1415 1326 1466 detractis,
1369 1414 1496 1453 Simili
1528 1418 1646 1455 modo
1673 1430 1696 1457 e
1727 1418 1834 1457 ferro
1866 1418 2039 1470 undique
2070 1430 2160 1457 con-

176 1491 328 1548 quisito¹
349 1494 391 1529 et
417 1502 468 1528 ex
497 1489 595 1545 ipsis
625 1487 918 1538 ergastulorum
946 1487 1102 1528 catenis
1130 1487 1311 1536 recoctis,
1342 1486 1497 1538 galeas,
1526 1487 1730 1538 thoraces,
1757 1488 1899 1528 hastas
1921 1489 2160 1542 gladiosque

174 1562 402 1608 fabricavit,
431 1560 667 1611 domitisque
696 1559 822 1599 obviis
853 1559 1060 1612 gregibus,
1087 1559 1300 1611 equitatum
1326 1559 1497 1611 paravit.
1534 1559 1570 1611 ²)

361 1631 500 1672 Servis
526 1631 584 1670 ita
609 1630 776 1686 armatis
807 1634 847 1687 et
871 1631 923 1670 ad
947 1630 1118 1670 Romani
1142 1629 1336 1672 exercitus
1363 1630 1585 1683 exemplum
1613 1630 1831 1681 instructis,
1863 1645 2002 1671 omnes
2032 1632 2159 1684 reipu-

175 1706 306 1747 blicae
334 1703 472 1756 copias
496 1707 637 1742 contra
662 1716 708 1741 se
741 1703 891 1760 missas
927 1702 1101 1757 fugavit,
1136 1708 1173 1742 et
1208 1715 1259 1756 ex
1285 1715 1522 1753 unaquaque
1561 1703 1732 1743 victoria
1767 1716 1875 1743 nova
1901 1704 2156 1756 fugitivorum

175 1775 425 1832 multitudine
458 1778 616 1820 auctus,
649 1772 946 1813 formidolosior
981 1773 1021 1812 in
1049 1772 1135 1813 dies
1161 1773 1338 1813 hostibus
1374 1772 1515 1812 evasit.
1568 1772 1629 1812 Eo
1660 1774 1861 1813 difficilius
1887 1780 2021 1815 autem
2056 1774 2156 1814 tanti

174 1846 268 1886 belli
297 1827 441 1884 molem
469 1844 640 1883 Romani
669 1843 935 1893 sustinebant,
964 1845 1069 1896 quod
1104 1842 1430 1901 praestantissimi
1456 1845 1648 1898 temporis
1678 1844 1785 1883 illius
1812 1846 1935 1885 duces
1964 1851 2046 1885 tum
2077 1858 2156 1884 ma-

173 1918 278 1957 xime
305 1916 423 1954 Italia
449 1919 736 1969 excesserant,
767 1915 1013 1969 Pompejus
1023 1915 1128 1955 enim
1160 1916 1196 1954 in
1211 1915 1416 1968 Hispania
1446 1920 1588 1955 contra
1611 1916 1833 1955 Sertorium
1859 1917 2079 1969 pugnabat,
2115 1923 2157 1956 et

173 1989 214 2028 in
246 1987 347 2027 Asia
373 1986 565 2025 Lucullus
601 1985 849 2025 Mithridatis
884 1991 1055 2026 conatus
1084 1987 1294 2039 reprimere
1328 1986 1539 2042 nitebatur.
1591 1986 1679 2027 Nec
1717 1987 1870 2028 Crasso
1905 1988 2153 2040 contigisset,

172 2065 216 2102 ut
244 2056 430 2118 Spartaci
456 2056 631 2102 victoriis
656 2055 773 2116 finem
800 2057 1140 2116 imponeret,3nisi
1163 2061 1335 2116 veterem
1363 2056 1592 2109 disciplinae
1618 2057 1792 2111 rigorem
1820 2059 1888 2098 diu
1911 2058 2152 2111 neglectum,

173 2135 292 2172 immo
317 2134 357 2170 in
383 2130 590 2168 lasciviam
617 2114 987 2182 contumaciamque
1015 2144 1271 2183 conversum,
1297 2144 1449 2178 summa
1481 2130 1697 2170 severitate
1736 2134 1841 2183 apud
1873 2132 2019 2170 milites
2054 2146 2150 2171 suos

172 2203 429 2258 restituisset,
450 2201 687 2261 ignavisque
713 2201 922 2250 decimatis
946 2202 1230 2253 idkeffecisset,
1267 2207 1313 2243 ut
1342 2202 1428 2256 ipse
1464 2215 1489 2241 a
1524 2200 1608 2241 suis
1641 2202 1771 2255 magis
1800 2216 1916 2256 quam
1944 2201 2074 2242 hostis
2105 2202 2153 2242 ti-

172 2279 362 2317 meretur.

246 2473 249 2475 Δ
304 2429 350 2477 ι)
358 2429 451 2477 4pp.
468 2427 609 2468 ibiden3
630 2426 748 2474 FLorun
774 2427 834 2468 111,
854 2427 906 2468 20.
1225 2463 1230 2469 .

302 2483 340 2525 ¹)
364 2482 501 2516 Sallust.
526 2473 643 2528 fragm.
670 2483 731 2526 111,
750 2483 893 2526 77-803
915 2483 1008 2531 Flor.
1034 2484 1102 2527 111,
1119 2484 1167 2517 20.

1670 2662 1994 2726 Rebeuow.
